2732 3740
1306 197 1441 233 XVIII

191 366 328 407 seus
359 348 510 422 apud
538 346 865 419 Euripidem
893 345 1075 419 videt,
1116 343 1330 400 fuerint
1359 343 1977 401 illae²-detonsa‘³coma
1995 341 2062 419 ³⁵)
2109 353 2165 402 et
2193 347 2351 418 pullo
2385 348 2577 421 pallio.

189 470 399 542 Neque
420 472 477 522 in
488 466 671 523 rheda
689 467 971 521 meritoria
988 470 1085 519 aut
1102 465 1359 535 plaustro
1367 464 1721 521 vehebantur
1738 465 1940 535 theol-i,
1957 464 2081 519 sed
2094 465 2317 522 decoris
2337 475 2580 540 carpen-

190 592 271 644 tis
285 585 583 662 magnifice
607 587 841 660 ornatis,
868 600 1014 657 quae
1038 584 1308 639 credibile
1335 590 1424 639 est
1441 585 1513 639 ab
1534 584 1827 639 sacerdote
1853 586 1976 639 eius
1998 585 2108 660 dei,
2125 585 2405 641 cuisacra
2423 590 2581 641 esset.

191 706 438 779 theoria,
472 722 587 761 non
614 707 794 761 minus
813 709 1083 759 coronata
1094 699 1156 772 ⁵⁶)
1180 719 1341 776 esse,
1374 718 1536 774 quam
1557 703 1767 757 Deliae
1787 706 1954 758 navis
1974 707 2145 777 puppi
2168 704 2581 777 constatApol-

193 827 327 882 linis
374 811 721 881 sacerdotem
764 839 1025 879 coronam
1068 824 1439 919 imposuisse,
1506 822 1674 896 idque
1717 824 1931 880 initium
1978 822 2165 882 fuisse
2207 821 2465 880 theoriae
2496 820 2580 897 ⁵⁷)-

195 946 483 1001 'l'heoriae
516 945 690 999 additi
721 941 933 999 fuerint
963 948 1018 996 et
1040 943 1313 997 sacerdos
1337 949 1393 999 et
1411 957 1619 1013 praeco
1654 957 1820 998 sacer
1843 950 1898 1000 et
1928 945 2167 1001 ministri
2186 940 2268 1016 ⁵³).

346 1155 485 1215 Cum
515 1170 654 1211 vero
684 1154 1059 1211 advenissent
1087 1153 1289 1229 theori,
1318 1170 1428 1227 quo
1450 1161 1613 1213 erant
1641 1156 1830 1229 missi,
1867 1163 2292 1232 agerenturque
2324 1157 2431 1213 iam
2462 1155 2582 1211 sol-

199 1281 434 1353 lemnia,
492 1293 725 1350 quorum
761 1293 972 1333 caussa
1017 1282 1181 1332 erant
1219 1277 1405 1352 missi,
1462 1278 1542 1334 ita
1581 1278 1890 1334 veniebant
1930 1280 2005 1334 in-
2046 1277 2583 1334 communionem

200 1414 554 1456 sacrorum
596 1403 651 1453 et
678 1381 1047 1472 ludorum-⁵⁹),
1084 1403 1147 1454 ut
1176 1412 1291 1455 non
1321 1399 1665 1455 interessent
1693 1403 1903 1456 tantum
1929 1401 2014 1456 rei
2044 1399 2301 1471 divinae,
2337 1397 2441 1454 sed
2473 1398 2583 1469 ipsi

204 1518 467 1573 offerrent
510 1519 617 1574 deo
659 1519 906 1574 civitatis
950 1533 1090 1574 suae
1130 1519 1352 1574 nomine
1394 1517 1662 1593 hostiam,
1709 1524 1807 1575 aut
1850 1516 2081 1597 frugum
2122 1509 2351 1576 suarum
2392 1517 2585 1590 primi-

187 1611 339 1710 ¹tiae,
397 1639 602 1710 quibus
643 1654 1052 1711 nonnumquam
1089 1639 1427 1710 pretiosiora
1467 1638 1819 1694 accesserint
1861 1638 2123 1709 donaria,
2180 1644 2349 1711 atque
2393 1637 2451 1693 in
2490 1636 2585 1692 his

204 1761 386 1814 sacris
448 1756 730 1815 faciendis
792 1765 1057 1815 versatas
1117 1760 1476 1832 potissimum*
1516 1776 1651 1815 esse
1707 1759 1960 1817 theorias
2019 1764 2129 1816 tum
2191 1756 2586 1835 grammatico-

204 1875 409 1953 rum⁶⁰)
445 1881 690 1954 glossae
726 1879 953 1950 docent,
993 1886 1105 1937 tum
1142 1881 1181 1936 ii
1225 1881 1334 1936 loci
1374 1880 1641 1955 probant,
1694 1881 1752 1938 in
1790 1881 1996 1955 quibus
2036 1884 2133 1938 aut
2173 1879 2352 1937 solum
2390 1886 2585 1940 θυσίαν

263 2251 340 2304 55)
370 2249 588 2302 Πένθιμος
616 2249 747 2304 κουρά
777 2249 955 2304 (Pollu
969 2263 1001 2290 c.
1034 2249 1083 2301 ΙΙ,
1112 2250 1204 2304 29.)
1245 2257 1331 2291 erat
1367 2249 1409 2292 ἓν
1436 2253 1528 2307 χρῷ
1558 2249 1815 2303 κεκαρμὲνων
1849 2249 1923 2304 (cf.
1956 2250 2183 2302 Xenoph.
2220 2251 2272 2293 H.
2295 2252 2367 2293 Gr.
2401 2253 2432 2305 Ι,
2458 2254 2499 2306 7,
2521 2255 2587 2308 8.)

322 2328 351 2372 i.
383 2342 420 2371 e.
451 2330 502 2370 ad
531 2336 660 2371 cutem
691 2335 919 2371 tonsorum.

265 2430 344 2482 56)
374 2429 477 2471 Hes
493 2430 599 2484 ych.
628 2430 656 2471 l.
692 2444 728 2473 c.
764 2426 1017 2485 ἐστεφάνουν
1048 2428 1128 2484 γὰρ
1156 2421 1268 2471 οὗτοι
1307 2429 1359 2485 (ἰ.
1390 2443 1425 2472 e.
1455 2428 1637 2494 θεωροί)
1664 2428 1743 2479 τὰς
1769 2427 1941 2484 ἀπήνας.

263 2530 343 2586 57)
377 2530 508 2573 mat.
538 2530 748 2570 Phaedon.
779 2529 866 2571 init.

265 2632 346 2688 58)
376 2632 494 2684 Apud
525 2629 769 2672 Eustath.
801 2632 848 2671 de
878 2642 1004 2672 amor.
1035 2629 1183 2684 Hysm.
1213 2629 1243 2681 1,
1276 2630 1348 2672 int.
1380 2628 1553 2671 describi
1574 2629 1762 2671 vestitum
1794 2627 1972 2685 κήρυκος
2000 2632 2167 2685 θεωροῦ
2204 2630 2358 2672 monuit
2398 2630 2587 2672 lacob-

323 2711 439 2751 sins
471 2711 524 2749 ad
553 2708 753 2750 Philostr.
785 2708 938 2761 lmagg.
963 2721 1002 2759 p.
1024 2709 1123 2750 325.
1148 2707 1336 2762 Θεωρίας
1355 2704 1557 2763 υπηρέται
1576 2713 1716 2748 extant
1736 2719 1806 2760 ap
1826 2707 2104 2751 Heliodor.
2137 2708 2208 2761 lv,
2241 2709 2307 2751 19.

267 2809 345 2863 59)
376 2808 510 2851 Plat.
540 2809 672 2864 Legg.
704 2806 793 2861 XII,
824 2806 925 2860 950,
956 2807 1006 2850 Ε.
1036 2810 1334 2868 κοινωνοῦντας
1363 2809 1529 2851 θυσιῶν
1557 2822 1601 2851 τε
1630 2823 1699 2850 και
1734 2800 1904 2863 ἇγῶνων
1928 2804 2091 2859 τούτοις
2118 2813 2206 2876 τοις
2234 2810 2359 2859 θεοῖς.

0 2927 20 2961 lt
43 2891 348 2959 naam)
376 2882 541 2952 Etym.
570 2897 631 2939 M.
663 2911 702 2939 v.
731 2892 995 2952 ἀρχιθεωρός
1024 2909 1063 2947 p.
1086 2896 1184 2948 151,
1207 2892 1332 2949 32χὸ
1352 2892 1591 2951 ἡγούμενος
1616 2898 1717 2938 τῶν
1729 2888 1922 2952 θεωριῦῗ.
1952 2897 2106 2953 θεωροὶ
2135 2897 2185 2940 δέ
2201 2898 2300 2940 εἰσιν
2323 2916 2361 2941 οι
2382 2898 2458 2954 τὴν
2476 2904 2587 2944 θεω-

324 2977 420 3030 ρίαν
450 2975 645 3032 φέροντες
672 2981 760 3025 τοῖς
789 2977 908 3024 θεοῖς
937 2974 994 3024 εἰς
1023 2973 1124 3023 τοὺς
1158 2971 1424 3029 Ελληνικούς
1465 2972 1631 3032 ἀγῶνας
1669 2974 1737 3017 καὶ
1772 2970 1876 3031 ὑπὲρ
1914 2977 1997 3018 τῶν
2032 2977 2270 3034 πατρίων
2297 2977 2365 3033 -.[l
2395 2995 2589 3034 πατρι-

325 3056 453 3113 ὕων]
484 3052 675 3105 θύοντες.
703 3055 759 3098 id.
777 3053 880 3106 448,
900 3053 975 3097 43.
1004 3053 1160 3109 θεωροι
1187 3077 1246 3084 —-
1275 3051 1314 3096 οἱ
1334 3050 1514 3110 φύλακες
1541 3056 1642 3097 τῶν
1671 3055 1875 3097 θυσιῶν
1899 3053 1976 3098 καὶ
1999 3059 2216 3112 χρησμῶν.
2277 3055 2437 3111 Etym.
2467 3057 2590 3101 Gud.

324 3135 426 3186 267,
461 3136 529 3176 19.
560 3136 735 3189 θεωρεῖν
761 3133 848 3175 ἐστι
873 3131 922 3175 τὸ
953 3132 1030 3182 τὰς
1059 3132 1216 3182 θυσίας
1249 3129 1469 3188 φυλάττειν
1500 3156 1555 3165 -
1598 3130 1701 3175 ὅθεν
1730 3133 1798 3175 καὶ
1830 3134 1986 3190 θεωροὶ
2018 3133 2056 3177 οἱ
2084 3133 2154 3177 διὰ
2179 3138 2304 3178 τοῦτο
2331 3132 2591 3185 ἀποστελλό-

325 3230 453 3265 μενοι.
513 3212 691 3255 Schol.
721 3212 856 3255 Plat.
888 3211 1076 3255 Phaed.
1107 3211 1199 3255 init.
1238 3209 1426 3267 θεωρίαν
1454 3208 1624 3263 ἅπᾶξειν
1653 3209 1744 3254 ἀντὶ
1776 3216 1852 3255 rof·
1879 3212 2036 3255 θυσίαν
2065 3211 2318 3268 ἀπενεγκεῖν.
2356 3215 2512 3270 θεωροὶ
2545 3215 2594 3257 δέ

323 3293 422 3335 εἰσιν
473 3290 512 3334 οἱ
559 3287 811 3345 πεμπόμενοι
866 3293 1000 3335 θῦσαι
1047 3289 1114 3333 καὶ
1166 3292 1427 3347 θεραπεῦσαι
1471 3288 1545 3334 τὸν
1591 3287 1696 3335 θεόν
1716 3324 1728 3344 ,
1794 3289 1899 3334 ὅθεν
1935 3271 1993 3323 ὲ
2053 3291 2120 3334 καὶ
2167 3288 2188 3335 ὅ
2239 3291 2370 3348 ἱερεὺς
2416 3286 2585 3349 θεωρός
