2732 3740
1343 220 1454 257 m

189 372 621 440 ιιι-Μῶα
635 370 1177 445 vrso-antimum,
1204 370 1398 440 ‘neque
1426 367 1487 420 in
1516 365 1627 439 iis,
1663 364 1813 439 quae
1841 361 2113 429 diffinitus
2131 357 2445 419 ‘recondita
2473 361 2582 415 hoc

187 487 779 560 sintne-‘'an-illouodo
801 489 1028 549 exitia-a
1045 492 1129 543 n'e·
1142 486 1382 542 interest
1399 481 1620 558 quidem
1640 490 1854 560 nostra,
1880 476 2244 557 curiosorum,
2263 479 2369 539 sed
2390 479 2586 539 divina

189 613 434 693 quadam
450 617 646 673 >mente
689 611 954 669 latentem
995 621 1328 665 caussarum
1364 609 1423 661 et
1451 602 1738 663 effectuum
1776 605 2193 661 cohaerentiam
2225 604 2586 677 perspicien-

190 736 341 795 tim.
415 733 577 791 Haec
594 734 876 804 rtemperet
896 733 952 785 et
971 725 1254 801 ingenium
1273 724 1454 781 livore
1474 724 1556 781 ita
1575 726 1835 800 liberum,
1872 730 1933 782 ut
1962 726 2130 781 bonis
2170 739 2287 782 non
2329 729 2583 801 angatur

194 855 419 927 alienis,
443 853 551 911 sed
579 849 849 929 gaudeat
890 851 1168 919 tamquam
1215 845 1370 920 suis,
1417 849 1476 900 et
1504 845 2057 918 mensperspicieus
2084 844 2317 901 vinculo
2345 844 2583 918 quodam

195 988 323 1034 non-
343 979 498 1032 artes
516 975 772 1045 tanum,
806 975 954 1042 quae
987 965 1063 1023 ad
1089 965 1483 1022 humanitatem
1515 965 1858 1041 pertineant,
1910 963 2016 1021 sed
2049 965 2248 1021 artium
2275 964 2442 1021 etiam
2480 977 2584 1036 pa-

198 1097 452 1153 laestras·
479 1090 782 1163 contineri,
819 1089 968 1145 iuter
996 1082 1368 1144 Germanicas
1396 1089 1577 1141 autem
1607 1085 2017 1142 universitates
2054 1090 2115 1141 ut
2147 1085 2482 1158 studiorum,
2523 1090 2583 1141 ut

199 1200 564 1287 disciplinae,
598 1216 662 1269 ut
689 1224 927 1283 morum,
961 1208 1042 1264 ita
1074 1205 1240 1262 etiam
1270 1203 1547 1266 hominum
1578 1210 1633 1261 et
1665 1205 1977 1262 docentium
2019 1211 2073 1260 et
2116 1206 2449 1262 discentium
2482 1224 2587 1262 ne-

201 1321 601 1393 cessitudinem
651 1326 1035 1402 intercedere,
1100 1340 1332 1399 eamque
1374 1341 1488 1383 non
1549 1325 1731 1382 minus
1781 1340 1944 1398 quam
1989 1325 2156 1382 bonis
2204 1327 2408 1382 litteris
2449 1342 2584 1382 esse

203 1452 369 1511 etiam
399 1441 669 1509 communi
697 1444 918 1522 patriae
950 1444 1287 1519 salutarem,
1335 1445 1540 1518 quippe
1578 1460 1723 1517 quae
1755 1459 1870 1499 non
1909 1444 2258 1500 mediocriter
2292 1443 2467 1501 faciat
2512 1446 2586 1500 ad

205 1569 569 1647 colligendos
601 1565 1012 1626 Germanorum
1040 1563 1261 1621 animos
1292 1563 1810 1637 conciliandosque.

275 1932 278 1935 ,
323 1866 413 1923 Ita
440 1866 502 1922 in
535 1830 665 1920 Vos
693 1859 948 1936 animati,
966 1920 970 1922 ,
988 1858 1065 1917 ita
1096 1857 1156 1915 in
1185 1870 1377 1914 omnes
1399 1856 1804 1914 universitates
1833 1853 2014 1913 affecti
2036 1856 2288 1933 legatum
2317 1860 2391 1916 ad
2424 1876 2593 1920 sacra

210 1983 497 2042 secularia
515 1981 735 2038 Vestra
762 1979 1021 2042 mittimus
1051 1976 1476 2049 nonprivatum
1513 1974 1792 2030 hominem
1823 1973 1928 2030 sed
1970 1976 2070 2047 qui-
2111 1975 2218 2033 hoc
2259 1992 2411 2035 anno
2444 1983 2591 2054 apud

210 2118 320 2160 nos
360 2116 571 2159 summo
619 2116 741 2157 cum
781 2099 1125 2175 magistratu
1166 2101 1223 2152 et
1267 2095 1499 2169 imperio
1536 2099 1653 2169 est,
1707 2093 1943 2151 eundem
1984 2111 2097 2151 non
2126 2097 2296 2167 plane
2325 2103 2593 2174 peregri-

212 2237 343 2279 num
370 2218 557 2274 Vobis
599 2217 705 2273 sed
747 2218 930 2273 civem
970 2217 1101 2271 olim
1138 2215 1438 2289 Vestrum,
1485 2231 1672 2290 quem,
1718 2219 1945 2287 praeter
1986 2220 2312 2273 communes
2343 2221 2596 2295 omnium,

214 2337 487 2412 quaedam
516 2336 682 2392 etiam
706 2336 969 2407 propriae
1010 2335 1265 2392 rationes
1302 2334 1575 2392 iubebunt
1600 2334 1909 2389 Vobiscum
1952 2336 2011 2388 in
2036 2336 2044 2348 ’·
2055 2338 2367 2390 memoriam
2408 2339 2596 2393 redire
2678 2370 2683 2374 -

215 2457 573 2530 praeteritae,
602 2453 894 2528 praesenti
924 2452 1204 2528 gaudere,
1241 2469 1346 2527 pro
1367 2451 1557 2509 futura
1574 2446 1794 2507 Vestra
1823 2449 2093 2508 felicitate
2120 2458 2256 2509 vota
2287 2457 2599 2530 concipere.

216 2577 278 2633 ls
306 2573 505 2632 reddet
534 2573 722 2629 Vobis
753 2587 868 2628 non
885 2551 1203 2644 ⁴*pretiosum
1243 2570 1533 2627 donarium
1565 2586 1641 2625 ex
1675 2585 1815 2626 auro
1858 2567 2065 2626 factum
2107 2576 2163 2627 et
2201 2573 2438 2647 gemmis
2478 2573 2601 2629 dis-

218 2694 448 2750 tinctum
497 2691 602 2748 sed
646 2690 1058 2765 munusculum,
1123 2688 1272 2762 quod
1309 2690 1498 2745 Vobis
1550 2695 1734 2746 tamen
1781 2696 2070 2763 acceptum
2120 2689 2241 2746 fore
2294 2708 2605 2765 speramuS,
2660 2733 2663 2735 ,

220 2827 345 2868 cum
371 2811 445 2867 ab
476 2826 544 2867 eo
576 2807 888 2885 profectum⁴
918 2810 1019 2885 sit,
1064 2810 1162 2884 qui
1199 2824 1348 2866 nunc
1400 2808 1564 2881 apud.
1594 2824 1701 2864 nos
1729 2809 1926 2874 *bonas
1969 2811 2187 2867 litteras
2229 2826 2444 2887 magna
2485 2830 2604 2869 cum

200 2926 393 2989 'laude
431 2897 746 3005 profitetur,
796 2928 1014 2986 Vester
1053 2934 1238 2985 tamen
1283 2929 1412 2984 olim
1467 2925 1598 3009 fuit,
1649 2927 2134 3008 Hannoveranus'
2160 2906 2216 2987 et
2270 2931 2498 3005 origine
2550 2941 2606 2989 et

227 3038 470 3106 docendi
497 3048 801 3124 tirociniis,
840 3045 1249 3123 Gottingensis
1284 3015 1626 3121 disciplinae·
1657 3021 1939 3122 quondam
1970 3049 2260 3124 alumnus,
2301 3066 2462 3123 quem
2493 3054 2610 3107 sci-

227 3175 351 3224 mus
382 3182 499 3224 non
526 3168 798 3224 minimam
832 3167 1174 3241 voluptatem
1205 3182 1276 3222 ea
1319 3183 1395 3223 ex
1430 3184 1494 3223 re
1532 3168 1891 3243 percepisse,
1943 3168 2092 3242 quod
2128 3165 2610 3244 Gottingensibus

230 3284 577 3375 potissimum
620 3290 802 3362 copiis
840 3288 1068 3347 adiutus
1109 3266 1571 3363 Gottingensium
1613 3290 1952 3347 secularium
1989 3290 2245 3347 ludorum
2290 3308 2502 3349 caussa
2544 3294 2612 3349 de

1745 3387 1772 3435 ⁶
2424 3516 2631 3740 f
