2732 3740
1353 169 1483 203 XXVI

216 319 597 373 Borussorum
647 312 998 367 Lithuanica
1045 312 1254 383 lingua
1307 313 1731 384 commentatae,
1797 310 2042 381 potuerit
2089 310 2168 364 ita
2222 307 2435 366 eadem·
2457 319 2611 381 rope·-

216 452 282 491 ra
325 437 584 507 pietatem
627 428 1139 488 etfobservantiam
1176 428 1378 484 testari
1430 434 1486 484 et
1532 430 1716 485 veteri
1762 432 2008 503 patriae,
2065 444 2211 501 quae
2258 443 2323 485 se
2365 428 2613 506 gennis-

222 562 332 626 set,
385 559 439 609 et
481 566 664 607 novae
710 565 855 622 quae
899 565 964 606 se
1002 550 1333 620 recepisset.
1423 549 1508 604 Ita
1551 549 1816 623 collegae
1858 549 2301 606 coniunctissimi
2332 555 2389 606 et
2420 548 2642 609 erudiv-v

219 674 421 728 tissimi
463 671 784 745 Augusti
826 667 1186 724 Friderici
1225 669 1449 724 Pottii
1510 671 1891 726 commentatio
1934 668 2045 742 „de
2090 669 2412 740 principatu
2450 685 2615 740 quum
2661 700 2673 708 -

223 791 299 864 injj
322 790 579 848 Slavicis
630 798 739 844 tum
782 789 840 842 in
882 788 1123 842 Letticis
1168 789 1390 861 linguis
1438 790 1697 844 Borusso
1721 789 2150 845 -Iiithuanicae
2199 786 2615 842 adiudicando''

224 914 373 969 redit.
406 913 478 967 ad
499 913 626 966 Vos
648 911 1013 982 primitiarum
1040 911 1262 965 illarum
1293 910 1367 965 ad
1398 912 1608 985 instar⁷
1647 926 1790 983 quas
1821 911 1894 965 ab
1929 908 2173 966 Graecis
2212 907 2453 963 coloniis
2498 908 2619 961 sol-

227 1037 482 1090 lemnium
515 1048 725 1088 caussa
757 1033 964 1085 missos
997 1031 1229 1085 theoros
1267 1033 1543 1087 obtulisse
1576 1032 1734 1086 modo
1781 1031 2152 1087 narravimus,

383 1211 510 1276 Nos
562 1216 747 1264 autem
798 1209 877 1263 ita
930 1208 1116 1262 Vobis
1170 1211 1551 1281 gratulamur,
1612 1213 1667 1263 et
1714 1208 1859 1265 nihil
1905 1209 2092 1280 magis
2146 1208 2204 1261 in
2252 1206 2402 1261 votis
2441 1205 2620 1261 habe-

231 1345 378 1392 mus.
438 1341 603 1399 quam
649 1332 712 1382 ut
759 1326 1035 1381 instantia
1087 1325 1383 1381 sollemnia
1431 1343 1501 1381 ne
1539 1328 1916 1398 praesentium
1955 1327 2172 1382 animos
2210 1327 2369 1380 brevi
2410 1324 2621 1381 tantum

233 1454 287 1501 et
337 1448 597 1501 celeriter
652 1423 907 1516 peritura
959 1443 1304 1515 perfundant
1359 1445 1647 1515 voluptate
1708 1451 1762 1500 et
1818 1447 2128 1519 suavitate,
2188 1447 2290 1503 sed
2335 1452 2397 1501 ut
2447 1447 2624 1502 relin-

233 1572 432 1636 quant⁷
482 1565 632 1635 quod
673 1565 745 1618 ad
786 1565 1003 1619 animos
1046 1563 1459 1634 conciliandos7
1516 1564 1589 1617 ad
1631 1566 1867 1619 omnium
1916 1532 2343 1620 universitatum
2389 1568 2625 1621 salutem

233 1686 529 1756 pertineat,
564 1682 876 1769 faciatque,
914 1688 976 1738 ut
1011 1684 1179 1738 bonis
1221 1682 1438 1736 artibus
1481 1698 1621 1737 suus
1659 1674 1734 1737 sit
1773 1683 1920 1754 apud
1951 1685 2236 1755 principes
2271 1686 2623 1755 populosque

235 1804 436 1858 honos,
514 1802 723 1856 Valete
767 1806 822 1855 et
858 1801 1025 1856 nobis
1076 1802 1157 1855 ita
1204 1798 1422 1873 favete7
1471 1805 1533 1854 ut
1568 1801 1819 1855 Vestrae
1859 1802 2293 1858 existimationis
2334 1820 2441 1858 nos
2484 1819 2626 1874 quo-

238 1936 347 1992 que
387 1926 657 1992 perpetuo
703 1922 911 1975 erimus
950 1918 1355 1975 studiosissimi
1394 1924 1448 1973 et
1484 1920 1847 1991 cupidissimi.

314 2041 386 2099 D.
422 2042 590 2098 Halis
623 2040 934 2101 Saxonicis
971 2056 1021 2097 a.
1060 2039 1110 2096 d.
1149 2038 1328 2111 pridie
1370 2038 1505 2095 Idus
1531 2038 1896 2113 Septembres
1937 2033 2530 2103 m.

553 2794 631 2820 Cum
665 2793 726 2821 huc
760 2794 800 2822 dc
825 2794 925 2822 saeris
952 2794 1150 2824 Graecorum
1176 2795 1396 2836 legationibus
1423 2796 1727 2825 commentariolum
1754 2801 1839 2824 esset
1867 2797 1955 2825 intra
1980 2797 2192 2834 paucissimos
2217 2798 2286 2827 dies
2312 2803 2346 2827 et
2369 2801 2575 2831 scribendum
2600 2808 2634 2831 et

434 2864 522 2900 eypis
547 2864 810 2901 exprimendum,
845 2865 873 2893 si
899 2874 985 2901 quae
1010 2871 1068 2893 aut
1093 2867 1218 2895 auctori
1249 2873 1307 2895 aut
1332 2868 1439 2903 operis
1465 2865 1648 2896 exciderint
1673 2865 1880 2902 sphalmata,
1913 2867 2009 2903 aequi
2031 2867 2171 2896 lectores
2196 2870 2418 2906 excusabunt;
2461 2870 2506 2898 sie
2531 2881 2565 2908 p.
2589 2872 2633 2901 Vl

438 2940 470 2959 v.
503 2931 543 2957 Η-
569 2940 628 2967 pro
651 2924 704 2962 θύ
739 2931 813 2971 lege
841 2924 946 2962 θύα.
996 2932 1047 2965 lb.
1072 2938 1143 2964 not.
1169 2936 1271 2972 Spro
1306 2932 1579 2962 incredibile
1613 2932 1735 2962 addit
1768 2938 1910 2962 tamen
1942 2934 1967 2966 1.
2000 2934 2282 2965 incredibile
2313 2941 2469 2970 tamen.
2517 2948 2551 2976 p.
2575 2939 2634 2969 Vll

438 3010 469 3030 v.
498 3003 513 3029 7
545 3002 593 3033 1,:
625 3000 769 3045 θεϋροί.
817 3004 867 3033 11».
895 3008 963 3037 not.
993 3006 1009 3032 ‘1
1035 3013 1096 3041 pro
1122 3005 1169 3033 ed
1193 3006 1216 3037 1,
1242 3005 1298 3034 id.
1349 3014 1380 3041 p.
1407 3004 1482 3033 vm
1510 3013 1544 3035 v.
1572 3004 1592 3031 6
1619 3007 1694 3039 post
1718 3003 1947 3033 Bucatium
1971 2988 2078 3034 adde':
2101 3004 2340 3041 (Aprilem).
2563 2992 2566 2993 ⁷
2607 2997 2610 2999 “
