2732 3740
1322 184 1427 221 xxn

175 332 452 386 consueta
493 339 661 381 sacra
701 325 996 398 metropoli
1036 322 1337 380 misissent
1361 319 1452 396 ⁷³).,
1540 320 1795 382 Maxime
1839 323 2195 382 memorabile
2243 328 2372 383 erat
2416 322 2568 389 ludi·

174 465 328 506 crum
360 442 889 518 Panhelleniorum3
938 441 1272 500 Hadrianus
1314 442 1460 498 enim
1497 447 1793 515 postquam
1835 443 2096 515 templum
2124 442 2284 501 Iovis
2312 442 2574 506 Panhel-

175 569 310 625 lenii
350 563 683 622 condiderat
720 562 998 638 AtheniS,
1042 561 1205 636 ‚quod
1258 568 1606 635 Πανελλήνιον
1653 560 1825 620 fuerit
1864 563 2094 637 dictum,
2137 563 2241 619 illa
2279 579 2450 621 sacra
2478 564 2574 623 in·-

173 674 379 758 stituit‚
417 683 785 741 Panhellenii
817 698 1138 759 cognomen
1170 685 1283 741 sibi
1315 701 1387 742 ea
1414 701 1478 740 re
1514 683 1774 758 meritus,
1824 679 1994 757 atque
2024 682 2099 740 ad
2143 698 2214 738 ea
2254 699 2573 754 procuran-

173 806 247 860 da
279 804 456 861 iussit
485 805 558 860 ab
591 803 850 878 singulis
884 801 1167 859 Graeciae
1199 804 1526 861 civitatibus
1557 805 1791 860 theoros
1824 805 1990 876 mltti,
2034 803 2130 875 qui
2160 796 2572 858 Panhellenum

173 920 454 997 quoddam
486 921 782 979 concilium
803 920 1244 996 constituerent3
1270 922 1403 979 huic
1424 923 1520 994 qui
1541 918 1852 981 intererant
1879 921 2147 995 concilio,
2182 918 2574 977 Panhellenes

174 1039 400 1115 singuli
419 1040 774 1097 vocabantur
806 1036 887 1110 ⁷⁴).
925 1069 999 1085 -—
1057 1041 1153 1096 Ex
1171 1040 1381 1096 Atticis
1403 1047 1585 1098 autem
1602 1041 1843 1099 theoriis
1865 1042 2065 1114 partim
2096 1042 2575 1110 commemoratae,

161 1160 376 1234 partim
410 1158 920 1216 commemorandae
954 1165 1090 1217 sunt
1123 1176 1269 1233 quae
1309 1162 1369 1219 in
1398 1161 1607 1219 Delum
1644 1167 1700 1218 et
1737 1161 1812 1219 ad
1848 1166 2109 1236 quattuor
2147 1160 2281 1215 illos
2298 1155 2575 1224 <Graeco-

177 1296 298 1335 rum
330 1294 647 1336 communes
684 1278 851 1334 ludos
881 1281 1267 1353 mittebantur,
1306 1296 1451 1354 quae
1480 1282 1706 1356 Deliam,
1746 1282 2018 1357 Pythias⁷
2049 1280 2344 1354 Isthmia,
2379 1277 2576 1349 Olym-

178 1400 339 1471 pias.,
371 1399 430 1455 Ν
436 1414 656 1468 emeas.,
694 1402 757 1455 ut
776 1398 962 1454 theori
988 1400 1123 1457 illuc
1150 1402 1309 1458 missi
1330 1402 1655 1475 Deliastae,
1685 1401 2053 1476 Pythiastae‚
2088 1398 2448 1456 Isthmiastae
2471 1403 2576 1460 cet.

169 1506 617 1588 'appellabantur
640 1512 720 1590 ⁷⁵).
798 1518 984 1577 Etiam
1014 1517 1309 1577 Dodonam
1340 1520 1414 1578 ab
1441 1519 1894 1577 Atheniensibus
1925 1520 2201 1577 theoriam
2248 1534 2379 1575 cum-
2407 1516 2578 1586 victi-

237 1765 313 1820 73)
353 1765 511 1806 Thac.
542 1764 574 1816 1,
603 1764 677 1808 25.
718 1762 813 1806 οὔτε
839 1764 921 1821 γὰρ
953 1765 997 1807 ἓν
1023 1765 1274 1822 πανηγύρεσι
1302 1774 1393 1818 ταῖς
1419 1775 1575 1819 κοιναῖς
1602 1766 1791 1820 διδόντες
1818 1771 1919 1825 γέρα
1951 1769 2005 1813 τὰ
2035 1768 2298 1823 νομιζόμενα.
2356 1767 2578 1810 Diodor·

251 1879 253 1883 .
294 1844 386 1898 xli,
417 1843 488 1887 30.
519 1841 556 1885 οἱ
586 1841 632 1885 δὲ
661 1842 884 1899 Κορίνθιοι
913 1867 971 1874 —
998 1843 1099 1896 τοὺς
1126 1844 1171 1889 δὲ
1191 1846 1477 1904 Κερκυραίους
1502 1851 1720 1903 μισοῦντες
1748 1848 1818 1893 διὰ
1837 1849 1886 1893 τὸ
1913 1847 2069 1904 μόνους
2086 1851 2171 1892 τῶν
2189 1845 2372 1891 ἀποίκων
2392 1846 2452 1901 μὴ
2472 1844 2575 1899 πέμ·

283 1938 384 1964 ,πειν
417 1922 469 1963 τὰ
503 1921 799 1971 κατειθισμίνα
830 1922 954 1976 ἱερεῖα
984 1926 1036 1979 τῇ
1066 1923 1331 1980 μητροπόλει.

236 2001 315 2053 74)
346 2002 504 2053 Corp.
536 2001 671 2042 lnsc.
703 2001 784 2042 Gr.
815 2002 1003 2043 no.247.
1033 2016 1068 2044 c.
1092 2017 1134 2045 n.
1182 2004 1454 2046 Boeckhii.
1486 2020 1550 2048 no.
1570 2006 1670 2048 351.
1694 2020 1729 2049 c.
1749 2021 1791 2048 n.
1825 2007 1951 2049 1068.
1984 2006 2110 2048 1072.
2143 2006 2269 2048 1124.
2292 2005 2417 2047 1256.
2456 2004 2506 2046 C.
2528 2004 2576 2044 Ο.

292 2080 529 2122 Mueller
558 2079 744 2133 Aeginet.
775 2092 817 2132 p.
841 2080 925 2121 157
950 2094 1012 2132 sq.

237 2156 315 2210 75)
345 2156 667 2209 Harpocrat.
699 2155 844 2199 Suid.
873 2170 915 2199 v·
950 2158 1188 2211 Δηλιασταὶ
1220 2159 1257 2201 οἱ
1286 2161 1345 2209 εἷς
1373 2160 1519 2215 Δῆλον
1549 2161 1790 2212 ἐξελθόντες
1830 2164 2002 2218 θεωροί.
2083 2162 2309 2217 Hesych.
2340 2161 2576 2215 Δηλιασταὶ

296 2235 333 2277 οἳ
356 2237 412 2284 εἷς
430 2236 575 2289 Δῆλον
595 2233 849 2288 πεμπόμενοι
868 2237 1044 2291 θεωροί.
1104 2238 1284 2281 Athen.
1318 2239 1387 2291 vl,
1418 2239 1518 2282 234.
1548 2240 1578 2281 f.
1632 2240 1698 2283 Ἐν
1720 2242 1765 2284 δὲ
1796 2247 1882 2293 τοῖς
1904 2240 2073 2296 κύρβεσι
2099 2247 2184 2291 τοῖς
2204 2241 2396 2298 περὶτῶν
2414 2239 2576 2294 Δηλια-

295 2318 407 2356 στῶν
426 2314 562 2362 οὕτως
580 2313 822 2369 γέγραπται.
853 2314 1114 2364 Πυθιαστάς
1143 2318 1317 2358 formam
1341 2333 1447 2359 unus
1470 2320 1630 2371 quidem
1661 2321 1965 2375 Hesychius
1996 2337 2037 2365 v.
2062 2318 2289 2373 ἀστράπτει
2312 2320 2449 2371 habet,
2472 2332 2576 2360 ana-

297 2392 412 2444 logia
441 2400 573 2433 autem
605 2392 663 2433 ita
693 2398 847 2444 tuetur,
885 2405 1008 2444 quam
1027 2393 1272 2437 Welckerus
1303 2396 1508 2452 (Addend.
1540 2401 1591 2439 ad
1625 2399 1776 2443 Aesch.
1797 2400 1907 2444 Tril.
1931 2414 1970 2453 p.
1994 2400 2139 2454 131.),
2178 2382 2486 2441 Schoemanuus
2513 2398 2576 2452 (in

297 2469 457 2513 Isaeum
491 2484 533 2523 p.
554 2469 693 2526 367.)‚
726 2469 799 2511 alii
830 2471 970 2512 merito
995 2473 1268 2525 praetulerint
1286 2474 1444 2517 formae
1466 2477 1732 2531 Πυθαϊσταί,
1765 2492 1884 2532 quam
1906 2486 2072 2533 praeter
2102 2479 2354 2531 Stephan.
2384 2477 2505 2531 Byz.
2535 2490 2577 2519 v-

293 2546 437 2592 Πυθώ
477 2547 602 2593 etiam
638 2549 839 2589 Strabo
878 2550 949 2603 lx,
986 2549 1090 2593 404.
1132 2552 1311 2597 exhibet.
1389 2555 1637 2599 Πυθιασταὶ
1679 2558 1750 2598 καί
1782 2557 2026 2611 Δηλιασταί
2060 2557 2104 2597 in
2133 2556 2368 2598 Philochori
2407 2556 2497 2597 loro
2529 2557 2577 2596 de

295 2626 533 2669 coniectura
562 2627 881 2680 rescripsimus3
933 2630 1070 2669 eodem
1101 2629 1191 2670 loco
1240 2632 1413 2682 Πυθιὰς
1441 2636 1603 2687 θεωρία
1628 2642 1763 2686 extat,
1817 2636 2012 2688 Ephorus
2042 2644 2174 2676 autem
2205 2621 2275 2688 ap‘.
2304 2636 2476 2678 Strab.
2506 2634 2575 2684 lx,

295 2705 396 2750 422.
435 2706 570 2748 solum
604 2705 780 2756 Πυθιάς
821 2707 958 2760 posuit
997 2707 1121 2763 (ἰέναι
1160 2708 1237 2763 τὴν
1268 2707 1369 2753 ὁδὸν
1407 2704 1436 2768 ᾗ
1473 2716 1551 2755 νῦν
1578 2712 1796 2768 Ἀθηναῖοι
1830 2715 1907 2769 τὴν
1937 2713 2145 2759 Πυθιάδα
2174 2714 2401 2768 πέμπουσι)
2437 2704 2577 2755 eodem

298 2786 553 2839 significatu,
585 2785 666 2826 nisi
690 2792 729 2826 et
750 2785 816 2826 hic
837 2794 926 2837 est,
957 2793 999 2826 ut
1019 2800 1086 2839 ap.
1109 2788 1315 2830 Isaeum
1344 2793 1393 2843 de
1412 2792 1606 2848 Apollod.
1628 2793 1671 2836 h.
1689 2794 1732 2848 §.
1752 2794 1824 2836 27.
1856 2793 1967 2848 ἥκειν
1988 2794 2032 2837 ἐκ
2049 2797 2126 2847 τῆς
2144 2790 2370 2842 Πυθιάδος
2386 2793 2577 2846 suppleto

300 2861 472 2918 ἑοριῆς,
503 2866 552 2916 de
575 2863 850 2915 sollemnitate
870 2862 1046 2918 Pythica
1064 2865 1389 2920 intelligendum.
1451 2868 1511 2910 De
1539 2870 1699 2913 theoria
1728 2870 1875 2912 Delum
1906 2871 2034 2914 missa
2065 2872 2202 2912 omnia
2231 2871 2273 2912 iu
2291 2872 2440 2927 vulgus
2460 2879 2578 2922 nota3

301 2943 352 2982 cf.
386 2949 546 2994 praeter
586 2957 632 2984 ea
672 2957 773 2995 quae
814 2957 943 3002 supra
983 2945 1282 2996 excitavimus,
1330 2946 1711 2990 Heindorsium
1751 2957 1789 2989 et
1828 2951 2285 3004 Wytteubachium
2327 2953 2375 2996 ad
2417 2951 2576 2992 Platon.

299 3020 511 3062 Phaedon.
542 3021 640 3069 init;
672 3025 719 3062 de
752 3014 925 3074 Pythica
958 3024 1096 3063 omnia
1121 3024 1337 3075 occupavit
1374 3025 1666 3068 Muellerus
1698 3031 1746 3068 de
1774 3029 1970 3071 Doriens.
2003 3032 2034 3081 1,
2070 3030 2156 3071 239
2186 3045 2272 3082 sq„
2308 3032 2355 3069 de
2387 3031 2578 3071 lsthmica

297 3097 611 3139 Welckerus
643 3098 671 3139 l.
705 3112 740 3140 c.
784 3113 824 3151 p.
859 3100 940 3142 131
972 3114 1061 3154 sqq.
1090 3101 1345 3155 olympicam
1378 3104 1682 3146 Atheniensium
1714 3106 1914 3147 theoriam
1955 3115 2153 3149 testantur
2191 3109 2460 3150 Demosth.
2489 3111 2518 3151 s.
2551 3112 2579 3150 l.

299 3173 397 3228 380,
428 3177 499 3220 21.
531 3169 743 3219 Pseudo
764 3204 784 3212 -
810 3178 1006 3224 Andoc.
1034 3194 1068 3223 c.
1100 3180 1233 3226 Alcib.
1265 3196 1305 3235 p.
1340 3180 1435 3225 126.
1475 3183 1725 3228 Dinarch.
1754 3200 1791 3228 c.
1823 3186 2038 3231 Demosth.
2073 3204 2111 3241 p.
2143 3188 2214 3230 57.
2244 3187 2295 3230 R.
2335 3184 2578 3230 Nemeaeum

302 3252 564 3298 Demosth.
600 3255 704 3298 Mid.
728 3256 826 3308 552,
853 3257 891 3299 5.
