2732 3740
1336 184 1420 216 XXI

229 354 233 371 ,-
306 327 423 383 ¹Ad·
444 325 850 401 Olympiorum,
886 326 1215 398 Pythion-um
1228 369 1244 402 ,
1278 329 1644 401 Nemeorum,
1679 328 2035 385 Isthmiorum
2079 329 2461 386 celebritatem
2483 327 2562 403 ⁷⁰),

164 447 423 501 theoriae
448 463 486 502 a
516 444 764 502 Graecis·
798 447 1125 515 civitatibus
1161 450 1451 523 plerisque
1499 450 1883 524 mittebantur,
1941 451 2059 506 nisi·
2097 452 2150 505 si
2193 465 2308 523 qua
2352 452 2556 506 civitas

163 566 300 622 unis·
330 566 655 640 alterisque
676 567 896 624 illorum
939 568 1292 627 sollemnium
1333 577 1431 629 aut
1471 578 1534 627 ut
1571 578 1844 635 ἔκσπονδος
1876 585 1970 630 τοῦ
2005 574 2203 647 ἀγῶνος
2238 572 2558 641 arcebatur,

162 692 262 742 aut
290 702 398 743 sna
425 693 626 760 sponte
656 657 1004 764 abstinebat,
1051 692 1230 748 veluti
1263 694 1544 748 Isthmicis
1589 692 1740 748 ludis
1773 693 1954 749 Eleos
1998 696 2255 764 exceptis
2286 695 2554 763 Leprea-

160 806 236 861 tis
258 807 608 863 abstinuisse
631 813 855 865 constat
869 804 949 883 ⁷¹).
998 810 1152 869 Dein
1170 811 1244 867 ad
1266 812 1589 884 metropolis
1624 813 1922 870 sollemnia
1941 814 2181 888 maiora,
2217 813 2549 885 praesertim

159 924 231 980 ad
256 941 343 1000 ea,
363 940 508 998 quae
528 926 643 981 diis
663 928 1025 998 praesidibus
1045 932 1349 1004 patriarum
1367 931 1586 986 urbium
1607 940 1769 1002 (θεοῖς
1804 938 2107 1005 πολιούχοις)
2130 938 2186 989 et
2207 933 2320 988 diis
2342 932 2543 1004 patriis

158 1054 322 1117 (θεοῖς
338 1050 613 1120 πατρώοις)
646 1047 997 1122 agebantur,
1035 1049 1320 1124 coloniae,
1361 1051 1475 1104 nisi
1508 1066 1655 1122 quae
1690 1051 1931 1108 debitam
1959 1053 2251 1125 metropoli
2283 1052 2545 1123 pietatem

157 1137 442 1241 exuisset,
480 1167 737 1239 reliquae
768 1182 961 1224 omnes
982 1169 1265 1244 religiose
1287 1185 1488 1226 sacras
1523 1170 1850 1244 legationes
1880 1173 2195 1248 mittebant,
2230 1173 2309 1230 ita
2332 1172 2545 1242 Tyrum

156 1284 527 1342 aid-Herculis
562 1301 731 1343 sacra
772 1283 1038 1343 facienda
1068 1285 1590 1362 Carthaginienses
1626 1293 1928 1361 quotannis
1967 1293 2209 1369 navigio
2248 1309 2372 1349 cum
2403 1308 2542 1348 cm·a

155 1408 336 1462 electo
377 1406 609 1462 theoros
650 1406 938 1462 mittebant
959 1403 1051 1491 ⁷²)3
1101 1407 1172 1463 de
1204 1408 1639 1473 Atheniensium
1684 1412 1923 1467 coloniis
1967 1413 2168 1470 dictum
2212 1419 2301 1470 est
2342 1414 2540 1485 paullo

153 1529 316 1601 ante3
355 1530 523 1597 atque
546 1522 880 1580 Corinthios
905 1532 1126 1584 constat
1155 1524 1495 1599 Corcyraeis
1528 1527 1785 1585 etiam'eo
1816 1532 2036 1588 nomine
2062 1530 2308 1588 offensos
2339 1530 2541 1608 fuisse,

153 1643 303 1715 quod
333 1644 445 1699 sibi
475 1644 536 1699 in
567 1645 944 1702 communibus
978 1644 1140 1702 feriis
1175 1663 1289 1703 non
1322 1653 1625 1704 consuetos
1667 1650 2003 1708 tribuissent
2037 1617 2315 1726 honoreS,
2355 1652 2412 1705 id
2435 1656 2541 1723 est,

151 1770 213 1819 ut
257 1762 549 1820 Diodorus
602 1763 875 1839 explicat,
930 1765 1080 1838 quod
1121 1782 1262 1840 non,
1323 1774 1384 1824 ut
1424 1768 1678 1841 reliquae
1723 1771 1980 1828 coloniae
2022 1772 2094 1827 ab
2136 1789 2199 1827 se
2246 1771 2540 1841 deductae,

208 2057 285 2114 70)
316 2057 455 2099 Etiam
486 2057 641 2101 Plato
672 2060 804 2114 Legg.
835 2061 924 2114 Xll,
956 2062 1057 2114 950,
1079 2062 1129 2105 Ε.
1161 2062 1265 2104 iubet
1302 2063 1492 2105 Πυθῶδε
1528 2067 1587 2122 τῷ
1625 2062 1855 2107 Ἀπόλλωνι
1894 2066 1961 2108 καὶ
2000 2066 2058 2116 εἰς
2096 2065 2326 2120 Ὀλυμπίαν
2366 2070 2424 2124 τῷ
2463 2066 2534 2107 Διὶ

265 2137 334 2179 καὶ
361 2137 420 2188 εἷς
447 2136 616 2191 Νεμέαν
643 2139 711 2181 καὶ
741 2140 798 2189 εἷς
825 2137 1000 2192 Ἰσθμὸν
1021 2140 1105 2197 χρὴ
1130 2141 1312 2195 πέμπειν.
1371 2143 1502 2194 Atque
1520 2142 1768 2185 Plutarchus
1798 2143 1991 2195 (Demetr.
2016 2145 2108 2203 11.)
2139 2146 2206 2187 ubi
2227 2146 2444 2189 Stratoclis
2465 2161 2534 2185 ro-

261 2215 470 2269 gationem
491 2224 788 2269 commemorat,
819 2225 862 2261 ut
879 2219 931 2260 ad
950 2218 1202 2273 Antigonum
1224 2220 1553 2274 Demetriumque
1571 2222 1755 2263 mittendi
1780 2236 1861 2263 non
1880 2223 2006 2277 legati
2027 2226 2096 2266 sed
2119 2225 2353 2266 theororum
2374 2224 2535 2264 nomine

256 2294 510 2348 dicerentur,
540 2296 674 2339 addit:
706 2295 898 2353 καθάπερ
929 2297 969 2340 οἱ
999 2288 1195 2341 Πυθοῖ
1217 2300 1304 2342 καὶ
1330 2296 1648 2354 Ὀλυμπίαζε
1677 2300 1755 2351 τὰς
1783 2303 1986 2358 πατρίους
2016 2304 2171 2354 θυσίας
2198 2301 2304 2356 ὑπὲρ
2334 2306 2418 2344 τῶν
2452 2301 2534 2344 πό-

259 2376 362 2414 λεων
391 2370 619 2429 ἀπάγοντες
649 2374 691 2415 ἐν
728 2380 821 2423 ταῖς
857 2372 1114 2430 Ἑλληνικαῖς
1152 2373 1326 2433 ἑορταῖς.
1388 2378 1520 2420 'Vides
1562 2380 1632 2432 qui
1667 2380 1801 2421 solum
1837 2381 2072 2423 theol-orum
2109 2395 2257 2423 nomen
2295 2380 2533 2430 audivisset,

254 2465 344 2492 eum
375 2452 514 2494 statim
546 2454 594 2493 de
625 2445 858 2506 olympicis¹
881 2454 1139 2507 potissimum
1169 2453 1404 2508 Pythicisve
1432 2458 1584 2501 theuris
1617 2458 1838 2512 cogitasse.
1904 2459 2119 2500 Decretum
2139 2460 2434 2513 Byzantiorum
2467 2472 2534 2510 ap.

259 2531 527 2574 Demosth.
558 2532 606 2572 de
638 2546 723 2574 cor.
752 2533 853 2583 256,
885 2533 953 2574 14.
985 2533 1094 2574 iubet
1123 2532 1367 2576 ἀποστεῖλαι
1406 2536 1451 2577 δὲ
1481 2537 1548 2577 καὶ
1578 2535 1766 2591 θεωρίας
1797 2540 1855 2587 εἷς
1885 2538 1961 2586 τὰς
1991 2539 2034 2579 ἐν
2064 2542 2116 2597 τᾷ
2141 2536 2311 2581 Ἑλλάδι
2341 2538 2531 2592 πανηγύ-

262 2623 376 2662 ριας,
409 2607 608 2661 Ἴσθμια,
650 2610 718 2651 καὶ
748 2608 918 2663 Νέμεα,
949 2611 1016 2653 καὶ
1042 2608 1248 2664 Ὀλύμπια
1278 2613 1344 2654 καὶ
1376 2611 1543 2666 Πύθια,
1573 2615 1639 2656 καὶ
1670 2613 1928 2671 ἀνακαρῦξαι
1958 2616 2044 2665 τεὺς
2075 2614 2303 2672 στεφάνως,
2336 2615 2392 2666 ὥς
2424 2616 2534 2657 ἕστε-

255 2683 446 2742 φάνωται
476 2683 498 2729 ὅ
529 2686 662 2740 δᾶμος
692 2684 713 2731 ὃ
742 2686 979 2743 Ἀθηναίων
1008 2685 1079 2745 ὑφ’
1111 2686 1243 2742 ἁμῶν.

205 2786 281 2839 71)
310 2785 531 2830 Pausan.
563 2785 613 2840 V,
641 2787 684 2840 2,
711 2788 739 2830 2
764 2801 828 2840 sq.
870 2787 940 2840 Vl,
970 2788 1012 2841 3,
1042 2787 1084 2832 9.
1120 2788 1188 2842 vl,
1221 2789 1290 2843 16,
1319 2791 1361 2833 2.

203 2885 283 2942 72)
314 2887 526 2930 Arrian,
555 2887 606 2941 ΙΙ,
630 2888 701 2941 24,
731 2889 774 2930 5.
802 2888 1104 2944 Καρχηδονίων
1133 2889 1238 2941 τινὲς
1271 2891 1428 2948 θεωροὶ
1459 2891 1501 2941 ἐς
1530 2891 1655 2948 τιμὴν
1695 2896 1769 2936 τοῦ
1795 2891 2052 2950 “Ηρακλέους
2094 2894 2203 2937 κατὰ
2241 2893 2295 2950 δή
2335 2912 2425 2938 τινα
2465 2895 2534 2937 νό-

257 2975 340 3017 μον
368 2966 547 3009 παλαιόν
586 2968 643 3017 εἷς
672 2967 749 3021 τὴν
789 2964 1048 3023 μητρόπολιν
1086 2966 1346 3024 ἀφικόμενοι.
1417 2971 1559 3014 curt.
1593 2973 1664 3024 lv,
1691 2972 1733 3025 3,
1766 2974 1834 3016 10.
1874 2973 1967 3028 (IV,
1996 2975 2039 3016 8.
2071 2974 2283 3030 Zumpt.):
2313 2974 2535 3027 Carthagi-

263 3043 465 3086 niensium
504 3046 629 3099 legati
672 3048 722 3086 ad
760 3046 1046 3087 celebrandum
1086 3061 1250 3089 sacrum
1286 3049 1614 3093 anniversarium
1652 3066 1764 3093 more
1804 3052 1942 3105 patrio
1987 3060 2083 3094 tunc
2118 3062 2338 3106 venerant,
2387 3054 2535 3106 quippe

259 3120 556 3176 Carthaginem
587 3124 706 3179 Tyrii
729 3119 1016 3178 condiderunt,
1058 3139 1218 3179 semper
1247 3136 1461 3180 parentum
1492 3129 1581 3170 loco
1614 3131 1726 3171 culti.
1770 3130 1944 3184 Polyb.
1978 3133 2125 3186 XXXI,
2144 3133 2215 3183 20,
2239 3133 2307 3184 12,
2338 3133 2533 3184 Συμβαί-

260 3201 318 3242 νει
356 3199 403 3243 δὲ
439 3200 493 3244 τὰ
523 3204 647 3246 πλοῖα
680 3206 814 3246 ταῖτα
850 3203 901 3259 (i.
932 3219 968 3247 e.
992 3203 1045 3247 τὰ
1073 3202 1305 3261 ’ἶεραγωγᾶ)
1334 3204 1423 3248 κατ’
1453 3206 1625 3262 ἐκλογὴν
1654 3207 1950 3261 λαμβάνεσθαι
1982 3210 2027 3252 ἐκ
2055 3215 2131 3266 τῆς
2164 3208 2441 3267 Καρχηδόνος
2470 3209 2534 3264 ἐφ’

264 3275 327 3330 οἷς
356 3278 413 3331 εἷς
439 3279 518 3336 τὴν
553 3279 693 3337 Τύρον
721 3282 997 3337 ἐκπέμπουσιν
1026 3281 1065 3327 οἱ
1094 3281 1376 3341 Καρχηδόνιοι
1406 3284 1482 3337 τὰς
1509 3287 1710 3342 πατρίους
1734 3284 1927 3343 ἀπαρχὰς
1954 3295 2042 3338 τοῖς
2072 3292 2199 3339 θεοῖς.
