2732 3740
74 855 300 962 Apud
332 884 590 943 Graecos
634 883 780 941 satis
824 889 1046 941 constat
1086 883 1262 941 ferias
1306 883 1601 958 festosque
1645 882 1771 973 dies
1815 897 1928 938 non
1969 897 2037 937 eo
2069 884 2282 937 tantum
2319 894 2457 952 spe-

75 1014 300 1082 ctasse,
337 1012 397 1063 ut
430 1008 657 1061 deorum
689 1007 1054 1077 expiarentur
1092 1007 1411 1081 religiones
1441 976 1758 1077 pietateque
1791 1000 2277 1076 perfungerentur
2306 1014 2456 1054 mor-

0 1125 2 1127 ’
74 1128 248 1200 taleS,
305 1129 367 1184 ut
398 1140 624 1199 operum
653 1128 707 1181 et
739 1125 1013 1203 laborum,
1068 1128 1242 1183 litium
1287 1131 1342 1181 et
1372 1125 1687 1199 iurgiorum
1718 1127 1875 1177 esset
1906 1122 2137 1193 requies
2172 1123 2228 1172 et
2261 1131 2455 1170 omnes

0 1231 1 1245 ¹
73 1248 296 1317 publice
333 1244 499 1317 quasi
533 1244 607 1300 ad
637 1244 976 1301 hilaritatem
1004 1248 1375 1319 cogerentur,
1415 1240 1519 1299 sed
1550 1241 1623 1298 ad
1654 1241 2110 1318 congregandos=
2140 1239 2306 1295 etiam
2347 1237 2456 1290 ho-

73 1367 251 1419 mines
288 1364 832 1437 coniungendosque
866 1369 922 1418 et
950 1363 1025 1418 ad
1054 1364 1272 1419 animos
1305 1363 1451 1418 inter
1483 1377 1547 1417 se
1592 1359 1980 1418 conciliandos
2012 1359 2303 1433 plurimum
2343 1370 2453 1411 va-

74 1486 254 1540 luisse
278 1486 345 1554 ¹].
421 1485 508 1538 Ita
540 1482 745 1538 factum
777 1489 891 1557 est,
930 1489 991 1538 ut
1021 1499 1166 1555 quae
1185 1481 1363 1535 feriae
1387 1483 1512 1535 sive
1549 1488 1717 1553 ἑορταὶ
1754 1485 1975 1553 essent,
2014 1478 2242 1536 eaedem
2270 1475 2453 1532 maxi-

75 1620 213 1660 mam
242 1607 454 1677 partem
488 1604 651 1658 etiam
683 1608 998 1659 conventus
1032 1605 1157 1659 sive
1189 1607 1488 1677 πανηγύρεις
1529 1602 1864 1657 dicerentur.
1941 1600 2145 1672 Neque
2197 1616 2267 1654 ea
2307 1597 2453 1653 ratio

75 1739 264 1780 eorum
308 1727 518 1778 tantum
566 1728 688 1778 erat
726 1723 1104 1797 sollemnium,
1151 1739 1296 1795 quae
1335 1729 1432 1778 aut
1470 1725 1564 1792 (ut
1593 1722 1900 1795 olympia,
1947 1721 2181 1791 Pythia,
2219 1718 2455 1786 Nemea,

73 1841 338 1914 Isthmia)
373 1859 510 1914 prae
540 1843 780 1914 reliquis
815 1843 1050 1897 omnium
1080 1840 1425 1899 Graecorum
1466 1842 1771 1898 communia
1811 1842 2176 1916 putabantur,
2224 1845 2322 1895 aut
2360 1837 2455 1904 (ut

72 1960 460 2032 Pamboeotia,
507 1959 768 2012 Daedala
800 1975 1039 2033 magna,
1093 1960 1461 2029 Panachaea,
1506 1960 1868 2033 Panaetolia,
1909 1961 2215 2031 Panionia,
2264 1959 2455 2029 Delia,

73 2079 222 2148 alia)
254 2078 327 2134 ad
359 2077 807 2152 amphictyonias
838 2079 933 2132 vel
967 2079 1038 2133 ad
1078 2079 1357 2149 syntelias
1381 2079 1683 2134 civitatium
1705 2080 1917 2151 aliquot
1936 2079 2311 2151 pertinebant,
2355 2077 2459 2133 sed

75 2197 268 2253 eadem
300 2196 409 2251 dici
441 2199 630 2268 potest
659 2195 1052 2252 nonnullarum
1084 2193 1348 2261 feriarum
1378 2194 1590 2271 fuisse,
1631 2212 1776 2270 quae
1810 2198 1959 2254 intra
1989 2200 2162 2254 unius
2205 2199 2455 2253 civitatis

73 2318 343 2371 terminos
374 2316 832 2389 continebantur3
871 2332 997 2373 nam
1031 2318 1083 2373 si
1116 2316 1188 2372 ab
1222 2316 1294 2371 iis
1324 2317 1643 2371 recesseris
1679 2305 2076 2388 sollemnibus,
2114 2332 2260 2388 quae
2298 2321 2456 2372 erant

72 2441 170 2491 aut
215 2436 478 2509 tribuum,
526 2441 625 2491 aut
667 2449 970 2508 pagorum,
1017 2441 1114 2491 aut
1156 2435 1459 2508 curiarum,
1501 2440 1597 2490 aut
1638 2436 1920 2512 gentium,
1976 2444 2098 2511 aut,
2147 2443 2208 2494 ut
2244 2451 2450 2510 >gamin

70 2553 220 2627 apud
240 2553 656 2629 AthenienseS,
687 2553 1057 2627 collegiorum
1093 2552 1439 2627 quorundam
1466 2554 1722 2630 propria,
1768 2555 2024 2629 reliquae
2057 2554 2261 2632 feriae,
2306 2572 2451 2630 quae

71 2673 291 2745 quidem
324 2678 579 2745 πάνδημα
613 2682 669 2730 et
706 2680 988 2746 δημοτελεῖς
1023 2676 1206 2745 erant,
1245 2687 1361 2728 non
1403 2673 1583 2730 solum
1627 2674 1787 2731 cives
1832 2676 2299 2751 congregabant,
2349 2676 2452 2733 sed

70 2793 312 2848 maiores
349 2798 501 2849 certe
533 2792 714 2847 feriae
746 2796 1009 2848 maiorum
1041 2793 1369 2868 civitatium,
1406 2812 1548 2866 quae
1591 2808 1855 2870 magnum
1907 2792 2305 2853 sacrificiorum
2347 2813 2451 2869 ap·

129 3065 176 3123 1)
206 3064 266 3109 De
296 3068 456 3112 caussis
486 3067 684 3110 festorum
713 3066 867 3107 dierum
907 3067 959 3109 cf.
1000 3067 1226 3112 Isocrat.
1264 3068 1420 3123 Paneg.
1449 3069 1540 3112 XII.
1571 3071 1613 3125 §.
1642 3070 1700 3112 43
1731 3084 1820 3123 sqq.
1888 3071 2030 3113 Plat.
2063 3071 2195 3124 Legg.
2227 3071 2278 3112 11.
2319 3072 2447 3124 princ.

184 3156 226 3197 p.
256 3143 353 3186 654.
420 3145 641 3201 Dionys.
673 3146 727 3187 H.
758 3151 837 3187 art.
866 3147 971 3189 rhet.
1004 3160 1042 3190 c.
1072 3148 1112 3189 1.
1144 3155 1179 3188 et
1210 3163 1311 3201 quos
1342 3150 1510 3190 laudant
1540 3150 1848 3191 Lobeckius
1880 3151 2085 3203 Aglaoph.
2117 3148 2217 3193 684.
2252 3159 2289 3191 et
2322 3151 2447 3192 inter-

184 3230 304 3273 prett.
335 3227 389 3265 ad
426 3226 597 3269 Cicer.
625 3227 755 3279 Legg.
788 3226 850 3278 11,
883 3226 950 3268 12.
1018 3216 1029 3229 ‘
