2732 3740
1315 162 1394 199 v11

165 311 360 380 θεωρός
376 304 557 378 ipsum
580 309 732 360 certe
744 302 937 377 poetis
961 304 1016 374 6)
1034 302 1104 358 de
1128 301 1542 376 spectatoribus
1558 300 1776 378 dicitur,
1799 310 1968 376 atque
1979 306 2285 361 Atticorum
2298 307 2551 363 theatra-

166 429 274 483 lem
292 425 585 499 pecuniam
617 430 863 501 θεωρικόν
881 425 1010 500 quis
1031 420 1146 480 non
1167 422 1497 496 praetulerit
1514 441 1634 481 cum
1644 421 1897 482 Caecilio
1912 402 2207 481 Calactino
2227 424 2299 479 ab
2321 430 2550 497 specta-

165 548 337 622 culis,
375 561 537 619 quam
557 563 677 603 cum
700 547 987 605 Ammonio
1009 545 1252 616 aliisque
1275 545 1654 618 grammaticis
1676 547 1748 600 ab
1779 561 1844 600 re
1874 545 2073 599 divina·
2098 541 2360 599 facienda
2379 560 2549 617 repe-

163 667 328 727 tere?
366 667 498 723 Duo
519 672 701 722 autem
722 665 920 723 fuisse
938 665 1171 721 diversa
1193 673 1408 736 θεωρεῖν
1428 682 1468 719 v
1471 665 1723 739 ocabula,
1749 666 1986 722 alterum
2016 663 2089 719 ab
2124 670 2276 736 θέας,
2311 656 2732 787 alterumgkffl

164 789 236 848 ab
269 798 409 848 θεῶν
427 796 561 861 ω’ρας
586 786 984 861 deducendum,
1003 786 1167 841 nobis
1188 783 1407 858 quidem
1425 784 1712 840 admodum
1736 785 2100 857 improbabile
2122 783 2364 840 videtur.
2394 784 2544 837 Dein
2575 779 2638 821 ⁴⁴⁶·
2670 803 2690 840 a

163 910 311 984 quod
342 909 780 983 Aeginetarum,
828 905 1328 977 Mantinensium.‚
1339 901 1808 979 Troezeniorum,
1865 905 2335 978 Naupactiorum‚
2395 901 2547 958 Ceo-

161 1046 306 1104 rum,
343 1027 687 1084 Thasiorum
719 1026 1090 1100 magistratus
1130 1024 1351 1097 quidam
1384 1033 1598 1102 θεωροί,
1636 1025 1733 1081 vel
1779 1032 1990 1099 θεαροί,
2036 1028 2129 1081 vel
2164 1031 2348 1098 θεύροί
2388 1021 2547 1078 dice-

162 1151 365 1205 bantur
383 1146 461 1222 ⁷),
503 1163 733 1220 quorum
765 1145 1082 1201 nominibus
1114 1146 1174 1200 in
1206 1144 1423 1216 aliquot
1455 1145 1775 1200 civitatibus
1807 1147 1969 1201 etiam
2000 1163 2185 1203 annus
2226 1146 2546 1215 notabatur,

160 1283 304 1339 quos
338 1268 711 1339 magistratus
751 1264 825 1319 ad
852 1261 1242 1335 procurandas
1274 1262 1501 1320 deorum
1526 1264 1847 1337 religiones
1877 1267 2222 1338 pertinuisse
2253 1281 2367 1320 non
2386 1275 2546 1319 'con-

161 1390 275 1441 stat
307 1391 458 1441 certe
495 1384 573 1459 ⁸),
643 1388 994 1457 spectatores
1023 1385 1206 1437 autem
1235 1383 1332 1438 vel
1364 1382 1713 1455 inspectores
1734 1380 1919 1439 fuisse
1941 1383 2207 1439 credibile
2231 1388 2335 1456 est7
2378 1382 2541 1437 etiam

162 1505 220 1559 id
247 1506 489 1578 probare
518 1505 743 1560 videtur
775 1505 832 1557 in
863 1502 1079 1576 graeco
1115 1501 1337 1559 nomine
1370 1519 1483 1558 non
1512 1484 1703 1588 ruffi-'s
1735 1520 1896 1575 quam
1928 1504 1987 1559 in
2018 1504 2343 1577 germanico
2383 1501 2542 1576 „Se-

160 1624 306 1680 her”
340 1623 586 1681 infuisse
619 1625 768 1698 quod
802 1625 911 1679 iam
941 1623 1013 1678 ab
1045 1623 1172 1693 ipsa
1205 1623 1431 1696 origine
1466 1623 1540 1677 ad
1570 1598 1687 1678 rem
1721 1623 1963 1679 divinam
1995 1627 2293 1695 spectaret,
2380 1622 2542 1678 Haec

160 1759 267 1800 nos
307 1750 557 1818 movent,
612 1750 674 1801 ut
720 1747 1014 1801 θεάσασθαι
1053 1748 1108 1799 et
1154 1747 1342 1806 θεατάς
1387 1710 1787 1815 distinguamus
1819 1743 2040 1816 quidem
2073 1742 2146 1797 ab
2182 1753 2443 1816 θεωρῆσαι
2487 1746 2544 1795 et

159 1872 400 1937 θεωροῖς,
444 1864 549 1919 sed
581 1866 744 1920 etiam
775 1864 919 1919 haec
953 1862 1023 1917 de
1057 1863 1416 1936 augustioris
1452 1879 1593 1919 sane
1626 1864 1712 1917 rei
1742 1868 1801 1919 at
1823 1863 1892 1917 de
1917 1865 2455 1936 spectaculotamen
2489 1866 2544 1915 et

159 1982 572 2056 spectatoribus
592 1983 846 2054 primitus
870 1981 1018 2036 dicta
1047 1997 1179 2036 esse
1207 1980 1512 2039 credamus,
1561 1982 1658 2057 At,
1695 1982 1892 2058 inquit,
1929 1982 2036 2038 hoc
2072 1992 2287 2058 θεωρῶν
2321 1984 2541 2038 nomine

159 2100 420 2158 dicuntur
456 2103 646 2175 etiam,
699 2116 842 2174 quos
884 2117 999 2156 non
1039 2092 1331 2172 spectandi
1371 2116 1608 2174 caussa,
1659 2101 1764 2158 sed
1808 2119 1876 2157 eo
1920 2108 2130 2160 tantum
2169 2105 2432 2175 consilio,
2478 2108 2540 2156 ut

158 2222 386 2280 oracula
403 2222 456 2293 ⁹)
488 2223 850 2279 consulerent
886 2237 1185 2295 eorumque
1216 2235 1499 2294 responsa
1530 2218 1838 2294 referrent,
1875 2223 2083 2280 missos
2126 2241 2262 2281 esse
2303 2228 2539 2281 constat.

216 2477 264 2530 6)
294 2476 541 2528 Aeschyl.
571 2476 711 2520 Prom.
747 2477 844 2519 118.
876 2475 1014 2518 πόνων
1044 2477 1154 2529 ἐμῶν
1184 2473 1361 2531 θεωρός.
1404 2473 1592 2527 Choeph.
1610 2475 1709 2517 244.
1730 2477 1898 2532 θεωρὸς
1928 2478 2060 2520 τῶνδε
2086 2478 2354 2535 πραγμάτων.
2384 2481 2533 2533 fragm.

269 2551 370 2595 408.
399 2552 562 2594 τοιοῦδε
592 2550 840 2610 πράγματος
869 2552 1036 2609 θεωρὸς
1066 2551 1134 2596 ὤν.
1202 2552 1391 2607 Eurip.
1426 2544 1513 2597 Ϊοιι.
1547 2552 1672 2596 1091.
1704 2551 1905 2609 λαμπάδα
1935 2556 2102 2612 θεωρὸν
2132 2555 2316 2599 εἰκάδων.

214 2631 263 2684 7)
292 2630 509 2671 Boeckh
540 2630 586 2672 C.
617 2630 650 2674 Ι.
681 2631 752 2673 Gr.
786 2632 827 2685 1,
858 2644 900 2685 p.
933 2616 1030 2673 857.
1061 2633 1123 2672 ed.
1155 2632 1206 2671 ad
1235 2644 1303 2672 no.
1342 2629 1472 2674 2161.

214 2711 265 2764 8)
294 2710 389 2751 Scio
421 2710 535 2752 aliud
576 2712 772 2753 statuisse
803 2713 1081 2754 doctissimum
1109 2712 1275 2753 Pindari
1305 2712 1565 2764 interpretem
1595 2713 1645 2752 ad
1675 2711 1793 2753 Nem.
1824 2711 1895 2764 111,
1930 2713 2002 2753 67.

215 2790 265 2845 9)
295 2791 517 2832 Ammon.
547 2787 715 2846 θεωρὸς
740 2791 816 2844 μέν
846 2789 1008 2833 ἔστι“ν
988 2809 1009 2833 ο
1040 2791 1097 2839 εἰς
1135 2790 1267 2839 θεοὺς
1304 2788 1580 2843 πεμπόμενος.
1660 2790 1727 2831 Er
1743 2805 1819 2834 an
1850 2789 2006 2832 Philo
2048 2806 2091 2844 p.
2123 2791 2220 2834 169.
2259 2792 2425 2848 θεωρὸς
2459 2794 2535 2847 μὲν
2565 2784 2725 2888 affra-a(

267 2864 290 2910 ὅ
322 2868 381 2917 εἷς
407 2866 537 2918 θεοὺς
565 2867 836 2922 πεμπόμενος.
891 2868 1150 2922 Harpocr.
1181 2869 1324 2911 Suid.
1354 2870 1511 2924 θεωροὶ
1539 2866 1679 2922 μέντοι
1708 2869 1893 2923 λέγονται
1932 2867 1982 2911 οὗ
2009 2865 2139 2922 μόνον
2169 2870 2208 2913 οἶ
2237 2874 2389 2914 θεαταὶ
2428 2868 2590 2935 nim-&J
2576 2895 2652 2939 *tc'
2641 2863 2732 2940 ἵετ’

271 2946 340 2986 καὶ
376 2945 416 2988 οἱ
457 2947 514 2995 εἷς
551 2946 683 2996 θεοὺς
719 2944 981 3001 πεμπόμενοι.
1051 2947 1229 2989 Schol.
1261 2948 1516 3001 Sophocl.
1549 2946 1648 2988 Oed.
1677 2946 1731 2989 Τ.
1765 2947 1862 2989 113.
1891 2950 1938 2989 θ.
1976 2943 1998 2990 ὅ
2042 2947 2150 3002 πρὸς
2176 2948 2276 2999 τοὺς
2307 2949 2434 2998 θεοὺς
2464 2947 2532 2990 διὰ
2555 2971 2621 3003 χ...
2609 2950 2669 2992 'm
2702 2958 2732 2999 τ.

264 3022 460 3076 χρησμὸν
489 3021 786 3076 ἀπερχόμενος.
864 3024 1060 3066 Pollux
1089 3025 1123 3077 1,
1154 3026 1223 3068 18.
1263 3026 1332 3067 καὶ
1371 3025 1411 3067 οἱ
1444 3022 1649 3080 χρώμενοι
1689 3026 1861 3081 θεωροί.
1944 3026 2193 3070 Erotian.
2236 3029 2412 3081 exposit.
2442 3042 2533 3070 voc.
2567 3015 2628 3049 ΤΉ
2658 3007 2732 3050 ²¹⁸⁴

267 3098 472 3153 Hippoor.
513 3115 554 3154 p.
588 3101 685 3145 182.
723 3101 876 3144 Franz.
913 3105 960 3145 θ.
1003 3103 1188 3160 λέγονται
1227 3101 1266 3145 οἳ
1305 3104 1362 3154 εἰς
1401 3102 1529 3152 θεοὺς
1565 3100 1817 3157 πεμπόμενοι
1853 3108 2057 3160 χρησμῶν
2101 3105 2355 3159 ἐπισκέψεως
2394 3102 2529 3159 χάριν.

268 3178 441 3232 Etym.
479 3178 543 3224 Μ.
568 3179 669 3233 448,
698 3178 772 3223 42.
852 3181 1014 3234 Etym.
1040 3181 1112 3222 Gn
1125 3183 1163 3222 d.
1191 3180 1294 3234 260,
1320 3180 1391 3223 44.
1471 3182 1709 3235 Hesych.
1749 3184 1911 3238 θεωροί
1936 3183 1977 3225 οἳ
2004 3183 2235 3240 θεοπρόποι
2323 3185 2453 3236 Atque
2484 3199 2530 3225 eo

268 3245 499 3311 significatu
538 3262 653 3298 extat
691 3258 937 3301 vocabulum
979 3262 1088 3312 apud
1129 3259 1378 3312 Sophocl.
1419 3259 1515 3301 Oed.
1546 3260 1638 3302 Col.
1668 3259 1771 3305 409.
1815 3259 1982 3316 ἀνδρῶν
2012 3264 2188 3318 θεωρῶν
2217 3263 2431 3319 Δελφικῆς
2460 3262 2531 3318 ἀφ’

1890 3455 1896 3465 ι
