2732 3740
1317 147 1445 186 xmv

183 310 413 368 carere,
449 291 608 366 ,quod
644 295 744 347 out
771 290 975 353 :lumen
1019 259 1316 361 quoddam
1335 292 1395 350 et
1429 285 1666 350 tastum,
1680 285 1963 361 adderet,
1986 286 2193 362 *aut-ad
2221 288 2593 347 relaxandos:

183 414 404 475 animos
434 409 672 473 valeret.
724 407 894 474 ‘Cum
926 406 1196 464 laetitiam
1225 408 1436 480 pietate
1466 411 1840 481 temperatam¹
1874 406 2200 464 indixeritis
2236 424 2315 464 ex
2334 413 2594 480 praetes-

184 533 416 616 ritorum
462 528 885 598 recordatione,
938 543 1013 589 ex
1065 528 1446 599 praesentium
1468 525 1779 599 adspectu,
1823 540 1899 580 ex
1927 521 2237 607 futurorum
2269 525 2592 600 praesagi-2·

185 655 341 714 tione
381 650 730 730 capiendam,
771 647 906 721 quid
935 651 1166 721 praeter
1197 650 1395 704 castas
1425 651 1482 703 et
1508 662 1685 719 puras
1714 648 1957 719 mentes,
1993 644 2122 703 sine
2150 645 2371 717 quibua
2387 646 2594 702 nullaet

187 773 411 831 omnino
461 769 767 842 religionis
810 767 1200 824 caeremoniae
1241 766 1387 820 obiri
1426 771 1699 840 possunt,
1746 763 1978 824 adferre
1997 817 2003 822 ,
2019 765 2334 840 debebunt,
2375 766 2472 839 qni
2504 767 2581 821 ad

162 872 528 949 *hilaritatem
560 888 830 949 Vestram
864 890 967 942 aut·
989 885 1215 956 publice
1246 884 1431 947 theori
1465 885 1781 960 mittent-ur,
1833 891 1932 944 aut
1970 885 2231 957 privatim
2269 886 2540 942 accedent
2551 884 2591 941 ‘32

189 1010 433 1066 Primum
466 1006 887 1077 memoriam,
928 1019 1192 1074 capacem
1225 1004 1381 1067 illam
1416 1021 1532 1061 non
1572 1007 1789 1079 aliquot
1820 1007 2122 1066 illustrium
2161 1006 2440 1062 nominum
2482 1020 2593 1062 eo-.

191 1146 337 1199 rum,
375 1141 546 1199 quos,
595 1141 719 1180 cum
755 1124 863 1179 hoc
906 1124 1103 1179 seculo
1144 1123 1295 1196 apud
1333 1123 1463 1180 Vos
1510 1125 1693 1181 bonas
1723 1129 1881 1182 artes
1906 1131 2004 1185 aut
2036 1125 2328 1182 docuerint
2359 1129 2457 1182 ant
2496 1125 2591 1181 «li-1

194 1247 458 1319 dicerint,
508 1244 668 1300 nulla
713 1243 934 1316 quidem
986 1244 1339 1315 posteritatis
1398 1244 1609 1300 oblivio
1664 1246 2019 1320 obscurabit,
2073 1244 2184 1302 <sed
2222 1260 2347 1301 ,non
2404 1247 2589 1303 minus

194 1384 357 1439 quam
394 1364 658 1437 Georgia
686 1365 964 1437 Augusta
995 1363 1175 1418 omnis
1214 1364 1327 1417 sibi
1359 1365 1514 1423 orbis
1547 1365 1803 1425 eruditus
1836 1365 2114 1439 vindicat,
2163 1380 2360 1422 verum
2400 1379 2591 1422 eorum

194 1487 411 1558 potius»,
446 1486 542 1556 qui
572 1487 635 1538 ut
673 1482 860 1537 laudis
907 1482 1301 1537 immortalitati
1345 1483 1883 1557 commendarentur,
1931 1484 2188 1539 Vestrae
2225 1483 2590 1545 universitati

200 1618 257 1664 et
298 1603 552 1678 professi
595 1608 729 1659 sunt
782 1618 847 1657 se
894 1603 1127 1674 debere,
1177 1607 1232 1656 et
1273 1600 1467 1656 deberi
1499 1601 1844 1657 intellectum
1881 1606 1999 1676 est3
2037 1618 2153 1659 non
2183 1604 2409 1673 artium,
2443 1618 2588 1674 quas

196 1724 345 1799 apud
376 1723 507 1778 Vos
539 1738 691 1778 unus
721 1722 818 1777 vel
853 1722 1000 1776 alter
1032 1725 1131 1776 aut
1160 1721 1344 1792 coepit
1381 1720 1571 1776 colere
1596 1726 1695 1777 aut
1726 1722 1976 1779 excoluit
2008 1722 2335 1797 insigniter,
2374 1723 2592 1796 potuis-

198 1853 287 1905 set
320 1846 485 1903 etiam
517 1842 675 1917 apud¹
699 1842 849 1900 alios
883 1842 1176 1916 excolere,
1212 1856 1326 1898 non
1357 1840 1624 1909 librorum
1653 1846 1777 1899 utut
1808 1842 2258 1899 acutissImorum
2300 1852 2354 1900 et
2399 1845 2592 1899 erudi-

196 1964 571 2036 tissimorum,
599 1960 695 2034 qui
731 1959 866 2016 editi
902 1958 1053 2033 apud
1089 1958 1219 2015 Vos
1252 1965 1412 2034 sunt,
1451 1959 1543 2015 edi
1582 1960 1747 2017 etiam
1776 1961 1925 2017 alias
1958 1961 2304 2036 potuissent,
2353 1965 2458 2019 sed
2491 1981 2593 2020 eo-

197 2102 317 2142 rum
349 2083 540 2155 potius
581 2081 876 2154 librorum,
916 2079 1011 2151 qui
1039 2058 1100 2134 ut
1129 2080 1545 2154 scriberentur,
1574 2077 1786 2135 fecisse
1819 2077 2081 2155 Georgia
2117 2083 2391 2157 Augusta
2428 2085 2594 2141 vide-

197 2214 316 2279 tur,
371 2202 475 2258 sed
519 2218 712 2257 earum
757 2200 947 2272 potius
1002 2199 1228 2271 artium,
1301 2215 1448 2271 quae
1505 2205 1638 2255 sunt
1677 2215 1747 2254 ea
1791 2201 2110 2257 constantia
2150 2219 2254 2274 per
2294 2208 2595 2276 temporum

201 2323 669 2380 continuationem
702 2336 748 2375 a
794 2319 1032 2374 Vestris
1073 2317 1391 2415 hominibus
1446 2316 1732 2372 factitatae
1787 2324 1843 2373 et
1893 2322 2184 2397 excultae,
2242 2328 2304 2380 ut
2344 2323 2594 2380 Vestrae

201 2431 600 2517 quodammodo
648 2431 834 2494 videri
894 2438 1134 2509 possint.
1201 2429 1339 2494 Ea
1406 2437 1551 2515 enim
1609 2437 1871 2494 memoria
1927 2436 2148 2498 docebit
2199 2457 2312 2501 non
2361 2418 2597 2544 tantum,

202 2561 337 2635 quid
366 2554 525 2615 artes
561 2563 617 2612 et
652 2557 944 2612 doctrinae
978 2532 1349 2613 nobilissimis
1380 2553 1553 2634 viriS,
1594 2541 1738 2642 quos
1774 2554 1895 2613 fors
1924 2551 1994 2613 'et
2036 2575 2209 2645 casus
2252 2560 2363 2618 dici
2400 2569 2599 2663 posset

202 2682 261 2736 in
296 2678 561 2752 Georgia
592 2677 868 2751 Augusta
898 2684 1334 2752 congregasse,
1378 2674 1483 2732 sed
1517 2666 1653 2751 quid
1683 2674 1947 2753 Georgia
1974 2681 2250 2754 Augusta
2272 2657 2600 2770 consortio-

203 2803 264 2856 ni
310 2787 540 2873 debeat,
591 2805 755 2870 quam
797 2797 937 2853 mira
967 2796 1401 2869 perseverantia
1429 2797 1576 2852 ratio
1612 2782 1951 2854 conciliavit.
1981 2827 2057 2839 —
2135 2799 2289 2858 Dein
2327 2766 2602 2880 oculoS,

205 2936 321 2975 non
342 2919 476 2972 illos
498 2917 572 2972 ad
594 2922 776 2989 actum
794 2921 1006 2973 tantum
1029 2920 1245 2987 tempus
1266 2915 1630 3010 perspicaces
1651 2916 1726 2972 ad
1746 2920 2074 2989 praesentia
2096 2923 2282 2977 autem
2314 2924 2480 2994 quasi
2511 2923 2602 2979 in-

204 3041 376 3096 solita
405 3037 531 3092 luce
555 3035 952 3107 praestrictos,
991 3033 1096 3091 sed
1125 3036 1448 3108 praesentis
1482 3038 1647 3092 etiam
1667 3036 1813 3093 lucis
1844 3041 1898 3091 et
1911 3024 2129 3094 avidos
2160 3046 2217 3096 et
2247 3023 2530 3131 capaces
2524 3077 2604 3087 —

204 3158 473 3230 Denique
505 3154 623 3209 div
634 3154 813 3210 inati
828 3171 859 3209 o
872 3173 910 3211 n
924 3172 954 3210 e
970 3172 1019 3210 m
1051 3151 1243 3211 futura
1266 3170 1381 3211 non
1403 3124 1797 3213 hariolantium
1819 3155 1925 3219 sed
1946 3139 2142 3231 signis
2164 3176 2484 3253 numquam
2478 3149 2603 3234 fere
