2732 3740
1313 180 1405 216 XIX

172 332 387 402 ἀπάγειν
409 330 518 383 nuli
549 329 746 413 θυσίοῖιν
777 332 1131 401 καὶεθεωριάν
1161 332 1374 403 ἀπάγειν
1416 334 1585 385 extat.
1620 320 1624 323 ⁵
1668 328 2019 398 Quibusnam
2063 339 2224 389 esset
2253 333 2461 391 hostiis
2507 346 2560 392 et

173 455 423 521 quonam
439 447 750 532 ordine-'lab‘
769 447 1133 524 singularum
1163 448 1466 505 civitatium
1499 450 1738 506 theoris,
1760 450 2176 524 immolandum,
2212 454 2378 508 etiam
2420 457 2557 512 illud

172 564 480 624 fuerit-usu
514 582 780 639 moreque
809 573 1053 641 cautum3
1090 568 1176 624 sic
1205 569 1427 625 Atticae
1465 569 1721 624 coloniae
1765 569 1840 623 ad
1868 569 2396 628 Panathenaeorum
2438 578 2561 629 sol-

172 686 376 742 lemnia
406 687 585 744 boves
606 687 892 762 singulos
923 687 1197 762 singulae
1236 687 1464 743 misisse
1506 686 1764 745 feruntur
1781 686 1870 763 ⁶¹),
1920 695 2092 763 atque
2136 692 2375 748 Asinaei
2405 695 2561 751 Her-

172 804 555 863 mioncnsibus
586 805 671 862 ad·
690 803 1024 883 sacrificium
1043 823 1286 866 annuum
1309 805 1511 864 Cereri
1530 806 1849 865 Chthoniae
1878 806 2196 866 faciendum
2224 810 2403 868 boves
2432 816 2558 871 sin-

171 924 348 996 gulos
390 883 660 1000 singulis*
688 925 862 985 annis
894 941 969 982 se
1011 941 1146 982 esse
1185 917 1459 982 missuros
1501 927 1741 997 polliciti
1785 933 1919 984 sunt
1940 923 2031 1001 62);
2084 929 2233 1000 quod
2274 938 2458 987 autem
2487 935 2556 989 de

171 1040 400 1117 ordine,
438 1043 708 1099 credibile
746 1051 835 1100 est
863 1045 1069 1116 quibus
1107 1046 1429 1101 civitatibus
1463 1055 1773 1118 προμαντεία
1809 1054 1863 1103 et
1903 1055 2143 1120 προεδρία
2191 1049 2324 1105 data
2372 1050 2560 1126 fuerit,

171 1161 472 1222 ear-undem
504 1163 751 1220 theoros·
768 1164 933 1220 etiam
952 1161 1240 1220 sacrificia
1282 1180 1415 1221 esse
1459 1169 1811 1243 auspicatos3
1861 1171 1972 1242 sic,
2025 1176 2086 1225 ut
2125 1171 2218 1225 his
2278 1177 2407 1226 utar
2449 1190 2556 1228 ex-

170 1282 394 1356 emplis.,
443 1283 894 1341 Atheniensibus
925 1288 1060 1339 erat
1090 1286 1149 1340 in
1188 1285 1436 1341 Isthmiis
1469 1287 1619 1341 ludis
1665 1288 1929 1359 proedria
1948 1285 2041 1363 ⁶³),
2089 1291 2372 1363 Delphica
2418 1310 2554 1366 pro-

170 1401 377 1457 mantia
419 1401 551 1459 data
593 1409 715 1460 erat
754 1403 888 1460 aliis
931 1403 1065 1460 alio
1088 1409 1360 1478 tempore,
1406 1412 1469 1462 ut
1499 1401 1748 1481 Croeso,
1798 1406 2130 1484 SpartaniS,
2181 1413 2553 1470 Atheniensi-

169 1520 309 1594 bus,
369 1521 638 1595 Philippo
680 1524 956 1595 Amy-ntae
997 1520 1036 1582 f.
1098 1528 1152 1579 et
1208 1524 1513 1596 aliquando
1563 1527 1726 1582 etiam
1779 1529 2018 1598 privatis
2050 1526 2140 1602 ⁶⁴).
2254 1532 2553 1589 Nonnum-

88 1652 92 1656 ·
167 1654 329 1712 quam
388 1641 573 1700 theori
619 1659 734 1700 non
789 1641 1034 1699 hostiam
1099 1644 1280 1717 ipsam
1335 1660 1372 1700 a
1426 1647 1613 1723 patria
1667 1662 1854 1703 secum
1912 1648 2219 1705 ducendam
2268 1654 2555 1730 curabant,

168 1760 273 1816 sed
305 1761 364 1818 in
406 1778 474 1818 eo
506 1761 717 1821 demum
748 1764 874 1821 loco
909 1764 1188 1839 emebant,
1237 1779 1348 1838 quo
1380 1766 1705 1841 agebantur
1735 1768 2058 1845 sollemnia3
2107 1771 2191 1826 sic
2224 1773 2397 1828 Iason
2432 1791 2550 1831 cum

166 1881 557 1939 Antiochenos
585 1884 800 1957 aliquot
830 1878 1068 1941 theoros'
1097 1886 1307 1957 Tyrum
1340 1885 1603 1959 mitteret,
1642 1888 1854 1944 addidit
1886 1886 2039 1946 CCC
2074 1890 2386 1962 drachmas,5
2425 1897 2551 1967 qui-

166 2002 273 2056 bus
305 2001 686 2060 sacrificarent
716 2005 952 2061 Herculi
972 2001 1052 2078 ⁶⁵).

278 2343 437 2385 Moer.
469 2359 508 2398 p.
544 2346 643 2389 185.
674 2348 831 2401 θεωροὶ
863 2347 901 2388 οἱ
931 2347 1008 2394 τὰς
1038 2347 1192 2397 θυσίας
1220 2346 1446 2402 ἀπάγοντες
1477 2348 1534 2396 εἷς
1563 2349 1616 2390 τὰ
1659 2350 1774 2391 κοινὰ
1811 2348 1901 2404 ἱερά
1940 2355 2027 2393 κτλ.
2109 2353 2336 2408 Hesych.
2365 2370 2404 2398 v,
2436 2361 2545 2399 θεω·

279 2420 395 2475 ρικός
432 2447 490 2454 -
545 2424 737 2480 θεωροὺς
773 2424 819 2467 δὲ
857 2422 1030 2467 ἐκάλουν
1065 2424 1167 2474 τοὺς
1203 2431 1290 2475 τοῖς
1335 2428 1451 2476 θεοῖς
1487 2426 1566 2476 τὰς
1610 2425 1804 2482 ἀπαρχὰς
1855 2426 2106 2484 ἀπάγοντας.
2207 2433 2353 2476 Suid.
2400 2435 2439 2477 οἶ
2491 2437 2548 2485 εἰς

279 2500 433 2544 θυσίαν
460 2498 710 2555 πεμπόμενοι
742 2502 809 2545 καὶ
835 2503 893 2552 εἰς
923 2501 999 2552 τὰς
1028 2496 1192 2557 ἑορτάς.
1259 2502 1361 2546 cum
1394 2504 1565 2547 Paullus
1608 2505 1846 2560 Amphipoli
1887 2506 2004 2550 ludos
2044 2496 2194 2564 magno
2237 2521 2442 2566 apparatu
2472 2514 2546 2564 sa-

275 2586 403 2633 ceret,
433 2588 705 2623 convenerunt
736 2595 783 2623 eo
815 2587 884 2634 „et
915 2581 1142 2635 legationes
1173 2595 1263 2623 cum
1292 2582 1495 2625 victimis”
1522 2584 1638 2630 Liv.
1669 2585 1739 2638 45,
1772 2586 1844 2629 32.
1905 2588 2236 2642 Descriptionem
2269 2590 2549 2645 θυμιαμάτων

280 2666 316 2698 et
335 2658 488 2712 ἱερειῶν
508 2660 692 2714 θεωρίας
710 2660 834 2699 habes
854 2672 922 2712 ap.
943 2660 1046 2700 Aah
1065 2659 1077 2698 i
1094 2660 1146 2701 11.
1174 2661 1211 2700 Τ
1227 2668 1290 2701 at,
1320 2662 1372 2713 11,
1398 2662 1466 2703 15.

219 2757 297 2813 61)
328 2758 504 2799 Schol.
534 2758 806 2812 Aristoph.
835 2760 941 2800 Nub.
972 2759 1070 2801 385.

221 2858 298 2913 62)
329 2858 380 2900 cf.
408 2865 495 2901 not.
525 2858 594 2900 39.

222 2957 302 3013 63)
333 2960 388 3004 cf.
418 2959 533 3002 infra
563 2973 605 3012 p.
626 2959 752 3002 xxn.
773 2968 855 3001 not.

216 3056 294 3111 64)
323 3059 456 3102 Bekk.
485 3060 637 3101 Auecd.
667 3059 767 3111 289,
802 3060 871 3104 18.
931 3060 1170 3126 Herodot
1205 3061 1235 3113 1,
1269 3061 1339 3108 54.
1373 3077 1409 3104 c.
1441 3077 1482 3104 n.
1513 3062 1650 3106 Wess.
1683 3064 1958 3109 Plutarch.
1992 3068 2139 3112 Pericl.
2176 3073 2241 3113 12.
2284 3073 2544 3118 Demosth.

279 3137 388 3179 Phil.
412 3138 484 3192 111,
517 3139 612 3193 119,
644 3139 712 3181 16.
786 3138 941 3194 Corp.
973 3140 1140 3182 ln'scr.
1173 3140 1246 3182 Gr.
1278 3140 1404 3195 1689,
1426 3143 1465 3184 b.
1499 3142 1608 3185 1691
1639 3157 1702 3197 sq.

219 3235 297 3290 65)
325 3226 558 3282 Maneat.
589 3239 638 3293 11,
668 3238 708 3292 4,
743 3239 810 3284 19.

1588 3347 1676 3394 c*
