2732 3740
1299 211 1400 247 VIII

157 365 235 419 At
279 358 546 416 credibile
598 370 738 411 vero
794 359 884 411 est
945 354 1017 411 ad
1059 354 1380 425 Apollinem
1425 353 1717 429 Pythium,
1783 352 1857 410 ad
1897 353 2087 411 Iovem
2129 353 2442 430 Olympium
2490 357 2579 412 etr

161 484 379 537 omnino
412 478 486 532 ad
519 477 661 531 deos
698 474 1082 530 consulendos
1115 490 1228 529 non
1261 476 1430 532 alium
1461 476 1774 548 antiquitus
1806 474 2036 531 missum
2056 492 2219 550 esse,
2256 493 2421 550 quam
2452 478 2549 551 qui

160 600 318 658 simul
359 598 707 668 spectaculis
743 595 1000 650 ludorum
1034 598 1089 648 et
1131 594 1484 651 sollemnium
1533 611 1653 650 cum
1702 596 1820 650 illis
1853 595 2100 650 oraculis
2132 596 2551 654 coniunctorum

159 721 495 790 interesset3
549 721 701 771 certe
739 714 1068 784 Pythiorum
1124 718 1179 767 et
1222 713 1476 769 ludorum
1520 719 1575 769 et
1617 730 2020 787 responsorum
2074 715 2315 789 dubitari
2356 717 2553 789 nequit

157 839 293 909 quin
328 836 460 890 olim
500 833 673 891 fuerit
709 834 902 889 eadem
935 831 1055 887 fere
1091 833 1507 905 opportunum,
1558 834 1667 888 etsi
1706 834 1903 889 horum
1946 839 2163 907 tempus
2201 835 2402 890 volunt
2427 836 2553 906 By-

159 958 302 1010 sium
335 956 701 1023 (Martium),
741 955 962 1007 illorum
993 952 1287 1007 Bucatium
1311 951 1663 1021 Delphorum
1689 969 1943 1008 mensem
1968 951 2179 1026 fuisse3
2223 955 2425 1025 quibus
2449 970 2555 1010 au·-

162 1089 271 1133 tem
318 1092 439 1130 cum
485 1076 736 1129 oraculis
783 1087 895 1126 non
925 1074 1138 1143 proprii
1174 1073 1394 1143 quidam
1426 1072 1570 1145 ludi⁷
1610 1077 1761 1126 certe
1794 1070 1964 1127 sacra
1996 1074 2270 1143 quaedam
2300 1075 2554 1146 peculia-

161 1200 249 1252 ria
296 1197 599 1251 coniuncta
646 1196 835 1262 erant,
897 1206 1042 1261 quae
1076 1191 1186 1244 nisi
1228 1191 1655 1248 consulentibus
1700 1206 1813 1247 non
1852 1192 2162 1266 patuerint3
2222 1190 2555 1251 fruebantur

1451 1306 1489 1333 10

164 1333 309 1391 ergo
356 1314 415 1368 hi
455 1328 680 1384 quoque
723 1310 1048 1382 spectaculo
1091 1311 1428 1383 augustiore
1490 1312 1536 1380 J.
1627 1313 1812 1383 Atque
1850 1311 1993 1366 haec
2026 1310 2096 1366 de
2135 1312 2385 1385 nomine,
2429 1315 2557 1385 qui·-
2621 1321 2623 1324 ’

166 1440 270 1493 bus
318 1433 459 1489 illud
505 1431 781 1502 consequi
823 1429 1130 1503 voluimuS,
1174 1435 1236 1486 ut
1270 1431 1330 1485 in
1369 1440 1583 1504 θεωρῶν
1619 1436 1673 1485 et
1712 1432 1930 1486 nomine
1973 1435 2027 1484 et
2067 1446 2293 1485 munere
2338 1437 2558 1504 pateret

170 1553 480 1628 spectando
519 1568 633 1606 non
672 1547 910 1605 infimum
949 1545 1155 1604 fuisse
1172 1550 1365 1608 locum.

316 1674 534 1746 Agitur
574 1671 667 1724 hic
707 1670 850 1724 illud
892 1660 1110 1742 θεωρῶν
1153 1684 1376 1742 genus7
1413 1671 1509 1743 qui
1549 1675 1711 1725 erant
1752 1671 2039 1740 publice
2068 1665 2141 1741 ¹¹)
2191 1673 2251 1727 in
2289 1674 2559 1746 peregri-

165 1811 272 1851 nas
314 1791 581 1846 civitates
623 1790 813 1863 missi⁷
870 1796 933 1845 ut
986 1806 1211 1845 suarum
1264 1789 1566 1845 civitatium
1606 1789 1702 1843 vel
1762 1804 1961 1862 regum
2018 1806 2245 1846 suorum
2286 1795 2560 1859 tyranno·-

165 1926 358 1968 rumve
397 1908 620 1963 nomine
660 1912 773 1962 tum
816 1909 999 1962 sacris
1041 1907 1397 1980 peragendis
1437 1913 1492 1962 et
1530 1911 1746 1980 pompis
1789 1909 2131 1964 deducendis
2174 1910 2435 1981 ludisque
2471 1908 2560 1965 fa-

278 2120 444 2171 ἕστίας,
479 2120 591 2171 apud
620 2116 859 2181 Thu‘cyd.
889 2115 940 2168 V,
974 2114 1043 2157 16.
1103 2114 1311 2155 Arrian.
1343 2113 1429 2165 Vll,
1456 2113 1527 2167 23,
1549 2114 1593 2157 3.
1655 2115 1983 2169 Pausan.1V‚
2005 2116 2121 2169 9,3.
2180 2117 2393 2160 Aelian.
2424 2118 2474 2160 V.
2504 2117 2560 2162 H.

282 2200 353 2251 111,
382 2197 454 2240 44.
486 2204 524 2238 et
557 2196 653 2237 aliis
683 2194 790 2235 locis
824 2194 1061 2235 innumeris.

224 2279 300 2330 10)
330 2276 507 2317 Schol.
537 2275 691 2314 Dion.
724 2272 948 2314 Hierarch.
981 2285 1020 2322 p.
1052 2272 1122 2321 25,
1154 2272 1192 2310 d.
1226 2270 1380 2323 θεωροὶ
1410 2270 1594 2325 λέγονται
1626 2269 1665 2311 οἱ
1692 2272 1776 2310 τῶν
1804 2271 2046 2326 μυστηρίων
2076 2269 2268 2315 ἐπόπται.
2329 2273 2466 2326 Itaque
2496 2275 2562 2315 hic

285 2365 443 2405 quoque
476 2352 517 2391 in
548 2350 723 2391 videndo
753 2350 814 2391 rei
845 2349 1053 2390 cardinem
1084 2348 1198 2389 vidit.
1272 2347 1498 2401 Hesych.
1530 2345 1742 2403 θεωρούς,
1776 2347 2021 2404 θεωρητάς,
2047 2345 2242 2397 ἐπόπτας.

229 2433 303 2480 11)
334 2431 427 2471 ΡΙιι
441 2438 470 2471 t.
504 2430 689 2472 Demetr.
723 2430 793 2470 11.
856 2428 1084 2468 Stratocles
1115 2426 1368 2479 rogationem
1399 2425 1487 2466 tulit
1516 2428 1623 2477 apud
1654 2425 1950 2477 Athenienses,
1998 2424 2055 2475 ὥς
2092 2426 2132 2469 οἶ
2168 2426 2419 2481 πεμπόμενοι
2457 2429 2563 2471 κατὰ

293 2507 500 2563 ψήφισμα
533 2506 774 2563 δημοσίᾳ
806 2505 912 2557 πρὸς
940 2504 1177 2558 Ἀντίγονον
1206 2502 1231 2556 ἢ
1263 2500 1508 2556 Δημήτριον
1533 2501 1623 2545 dni
1652 2508 1917 2559 πρεσβευτῶν
1947 2506 2103 2559 θεωροὶ
2135 2506 2343 2561 λέγοιντο,
2383 2523 2444 2548 κα
2457 2504 2563 2549 θά-

283 2604 379 2642 περ
420 2585 470 2629 οἶ
510 2587 704 2627 Πυθοῖ
741 2585 826 2624 καὶ
867 2583 1186 2636 Ὀλυμπίαζε
1226 2580 1320 2631 τὰς
1369 2582 1636 2635 πατρίους
1684 2584 1886 2632 θυσίας
1932 2583 2086 2648 ὑπὲρ
2141 2590 2267 2636 τῶν
2322 2583 2564 2636 πόλεων

284 2664 593 2721 ἀπάγοντες
645 2661 699 2705 ἓν
742 2668 859 2711 ταῖς
896 2659 1243 2717 Ἑλληνικαῖς
1284 2657 1511 2716 ἑορταῖς.
1591 2662 1768 2705 Schol.
1809 2663 1972 2705 Arist.
2018 2663 2114 2706 Pac.
2145 2664 2244 2707 342.
2286 2664 2477 2721 θεωροὺς
2519 2666 2564 2708 δὲ

285 2743 459 2789 ἐκάλουν
497 2742 598 2793 τοὺς
643 2740 726 2784 ἀπὸ
769 2744 852 2783 τῶν
893 2739 1051 2783 πόλεων
1090 2741 1366 2795 δημοσίων
1413 2740 1464 2796 (l.
1506 2741 1770 2801 δημοσίᾳ)
1809 2742 2142 2797 ἐπιπεμπομένους
2170 2741 2461 2792 συνθύσοντας
2499 2746 2564 2786 καὶ

287 2821 744 2878 συμπανηγυρίσοντας.
836 2818 892 2859 Hi
939 2819 1021 2859 loci
1070 2820 1174 2860 satis
1227 2821 1368 2859 docent
1416 2816 1609 2873 θεωρούς
1657 2820 1882 2872 proprie
1938 2834 2021 2860 non
2071 2820 2175 2872 dici,
2236 2821 2271 2861 si
2323 2821 2390 2872 qui
2452 2822 2564 2872 pri-

286 2902 445 2945 vatim
500 2903 552 2943 ad
616 2901 807 2942 ludorum
870 2897 1088 2938 sollemnia
1147 2899 1370 2952 spectanda
1424 2898 1489 2937 vel
1549 2900 1600 2938 ad
1656 2899 1826 2939 oracula
1851 2878 1858 2887 .
1888 2899 2138 2940 consulenda
2186 2899 2564 2952 proficiscerentur,

290 2983 359 3023 sed
412 2986 564 3021 tantum
616 2979 683 3032 qui
742 2976 961 3031 publice
1015 2984 1148 3018 essent
1198 2976 1251 3017 ab
1302 2976 1533 3017 civitatibus
1583 2977 1670 3018 suis
1720 2954 1864 3025 missi3
1924 2978 2045 3031 pauci
2097 2979 2261 3019 omnino
2309 2979 2369 3019 ita
2418 2979 2566 3020 suerint

290 3059 474 3115 opulenti
494 3090 505 3110 ‚
565 3063 608 3097 ut
665 3056 897 3112 sumptibus
949 3055 1062 3097 illius
1113 3056 1271 3097 itineris
1318 3054 1510 3108 privatim
1564 3056 1764 3098 faciendis
1811 3071 1942 3109 *pares
1995 3064 2165 3105 essent3
2231 3070 2386 3110 pancos
2436 3067 2567 3100 antem

290 3142 385 3180 illos
430 3138 627 3179 credibile
671 3144 733 3178 est
769 3136 1013 3178 adiunxisse
1052 3151 1096 3177 se
1134 3134 1326 3190 publicis*
1354 3134 1528 3177 civitatis
1568 3150 1668 3177 suae
1710 3138 1886 3190 theol-is,
1946 3145 1988 3178 ut
2034 3137 2199 3190 publico
2250 3138 2409 3180 nomine
2455 3151 2567 3179 com-

285 3217 481 3273 prehendi
519 3214 746 3271 potuerint,
802 3227 1048 3278 quamquam
1079 3216 1186 3269 quod
1216 3212 1259 3256 hi
1291 3225 1448 3267 quoque
1484 3216 1703 3272 θεωρῆσαι
1743 3215 2006 3269 dicebantur,
2056 3228 2138 3256 non
2178 3224 2394 3272 propterea
2432 3217 2568 3259 statim
