2732 3740
1330 195 1467 231 xxm

190 350 281 391 ma
298 335 448 391 mitti
465 304 938 411 >solitam-arguit
977 336 1663 424 oraculum-Dodonaeum
1683 337 1777 417 ⁷⁶),
1829 355 1943 415 quo
1979 335 2239 416 neglecti
2259 353 2262 357 ·
2284 342 2414 400 eius
2455 339 2583 399 offi-

189 458 263 511 cii
284 458 663 528 accusantum
700 453 897 511 eodem
927 455 1131 513 Boeoti
1163 461 1465 531 quotannis
1493 461 1719 534 tripoda
1750 461 1972 519 donarii
2012 480 2225 519 caussa
2265 464 2584 538 mittebant3

189 575 264 631 ad
290 577 609 631 Ammonem
655 580 855 633 statam
885 574 1069 633 fuisse
1113 578 1420 653 aliquando
1457 581 1891 639 Atheniensium
1933 583 2206 641 theoriam
2252 582 2414 640 fidem
2444 581 2585 639 facit

190 695 360 749 navis
411 694 514 751 illa
553 696 903 771 Ammonias,
963 699 1124 756 cuius
1176 717 1250 756 ex
1302 702 1703 774 superstitibus
1743 704 2114 775 scriptoribus
2155 707 2366 778 primus
2425 721 2585 760 men·
2619 701 2622 704 ’

189 811 392 868 tionem
444 814 639 870 iniecit
673 814 1034 892 Dinarchus3
1090 821 1278 876 cultus
1320 820 1469 875 enim
1499 820 1789 877 Ammonis
1825 838 1928 894 per
1957 821 2233 879 Croesum
2291 829 2346 876 et
2391 822 2582 891 Cyre-

189 946 369 988 naeos
425 934 656 1005 primum
706 934 781 991 ad
812 934 1038 1012 Eleos7'
1069 954 1200 996 mox
1246 945 1335 997 est
1385 913 1460 996 ad
1510 938 1766 1012 reliquos
1808 938 2064 997 Graecos
2106 947 2461 1016 propagatus
2492 937 2580 1016 ⁷⁷)⁷

189 1037 639 1109 Atheniensibus
671 1059 854 1111 autem
886 1058 994 1112 iam
1034 1059 1443 1132 Aristophanis
1476 1060 1818 1133 temporibus
1853 1061 2084 1115 Ammon
2126 1067 2188 1117 ut
2229 1062 2578 1116 celeberrimi

189 1172 419 1248 oraculi:
454 1188 695 1245 praeses
736 1179 906 1232 notus
950 1182 1098 1253 erat,
1156 1183 1213 1242 et
1258 1177 1593 1236 sacrificium
1634 1167 1889 1236 Ammoni
1931 1180 2002 1235 ab
2046 1184 2323 1256 strategis
2371 1180 2576 1238 factum

190 1293 642 1348 commemoratur
661 1291 721 1349 in
741 1294 1111 1369 inscriptione
1146 1297 1401 1376 quadam,
1434 1315 1581 1374 quae
1604 1298 1953 1373 Olympiadis
1986 1284 2138 1361 Οἷζῖ.
2157 1306 2259 1361 est,
2320 1299 2576 1358 Omnium

189 1413 371 1465 autem
410 1409 640 1467 deorum
676 1429 828 1469 unus
871 1415 1109 1490 Apollo⁷
1153 1417 1398 1489 Pythius
1438 1419 1567 1491 ille,
1609 1419 1666 1474 ni
1700 1416 1894 1493 fallor,
1952 1421 2166 1478 Theari
2197 1425 2321 1494 ipse
2352 1437 2576 1495 cogno-

191 1530 335 1585 mine
371 1528 661 1585 colebatur
681 1527 762 1605 ⁷⁸).

342 1650 530 1720 Atque
561 1649 706 1704 haec
742 1651 962 1723 quidem
994 1653 1298 1731 hactenus,
1335 1659 1538 1729 quibus
1561 1660 1701 1715 illud
1724 1660 1774 1714 si
1804 1676 1916 1716 non
1939 1663 2191 1717 assecuti
2213 1668 2365 1716 certe
2392 1664 2574 1717 secuti

191 1783 411 1842 sumus,
476 1773 551 1824 ut
570 1767 917 1826 Graecorum
959 1772 1286 1847 legationes
1330 1791 1529 1832 sacras
1571 1780 1755 1833 sacris
1796 1779 1942 1852 ipsis
1985 1781 2359 1854 respondisse
2403 1787 2573 1855 atque

188 1886 263 1942 ad
300 1902 587 1942 sacrorum
627 1894 883 1944 naturam
923 1895 1147 1962 aptatas
1188 1909 1323 1948 esse
1353 1899 1589 1971 pateret,
1625 1898 1700 1953 ad
1732 1915 1879 1972 quae
1911 1906 2108 1955 essent
2139 1902 2380 1976 missae·
2419 1917 2574 2015 gens

190 2011 372 2063 autem
400 2007 562 2063 nulla
595 2013 804 2064 temere
838 2013 1046 2066 tantum
1076 2012 1334 2069 tribuerit
1364 2013 1481 2070 illis
1502 2016 1893 2091 legationibus
1918 2036 2079 2093 quam
2103 2019 2344 2078 Graeca.

342 2436 465 2496 Sed
495 2454 759 2513 quorsum
790 2441 934 2499 haec
967 2444 1316 2517 potissimum
1342 2448 1416 2505 ad
1446 2448 1575 2506 Vos
1609 2453 2076 2528 perscripsimus,
2113 2453 2247 2509 Viri
2287 2453 2578 2526 amplissi-

189 2557 260 2612 mi
336 2562 393 2612 et
468 2557 832 2644 doctissimi?
928 2561 1153 2618 Etenim
1204 2564 1501 2622 sollemnia
1565 2569 1619 2625 si
1696 2569 2061 2628 indixissetis
2142 2572 2270 2631 sola
2345 2587 2580 2645 pompa-

187 2693 308 2735 rum
358 2674 802 2755 magnificentia,
873 2680 1131 2740 ludorum
1195 2690 1499 2763 apparatu,
1565 2689 1876 2747 animorum
1934 2691 2367 2750 remissionibus
2420 2693 2577 2748 cele-

129 2814 131 2816 ·
187 2794 430 2871 branila,
485 2812 632 2870 quos
664 2812 854 2855 eorum
892 2798 953 2856 in
987 2805 1200 2873 partem
1249 2805 1605 2881 vocassetis,
1665 2806 1938 2866 deberent
1988 2810 2152 2865 etiam
2195 2811 2308 2882 ipsi
2347 2827 2464 2868 non
2507 2828 2575 2866 eo

244 3052 326 3111 ⁷⁶)
350 3053 484 3102 Dem.
516 3071 551 3100 c.
579 3058 688 3103 Mid.
717 3059 818 3124 531,
849 3059 918 3101 15.

246 3152 323 3210 17)
349 3152 577 3201 Boeckh.
608 3156 735 3214 Corp.
772 3158 904 3204 lusor.
939 3157 1015 3206 Gr.
1045 3158 1078 3215 Ι,
1109 3173 1150 3215 p.
1179 3159 1282 3207 252.
1313 3162 1367 3205 ad
1398 3175 1465 3206 no.
1497 3162 1594 3207 157.
1654 3162 1750 3208 Oec.
1781 3164 1871 3209 civ.
1904 3165 2000 3211 Ath.
2027 3165 2078 3220 11,
2107 3167 2207 3211 259.

243 3251 323 3309 78)
351 3251 576 3310 Hesych.
606 3271 643 3299 s.
673 3271 713 3300 r.
