2732 3740
1324 203 1375 236 VI

158 352 431 420 paratum,
459 357 777 417 pomparum
800 347 1055 398 ornatum
1076 342 1374 398 visendum
1397 348 1453 398 et
1475 343 1731 400 ludorum
1748 356 2016 417 magnam
2039 344 2415 401 celebritatem
2436 345 2544 401 ha-

157 467 390 539 bebant,
430 464 778 537 peregrinos
804 465 968 520 etiam
986 478 1217 521 numero
1241 463 1445 518 multos
1467 462 1540 518 ad
1564 477 1630 518 se
1664 462 2003 535 invitabant,
2039 468 2101 518 ut
2124 463 2549 541 Panathenaea,

156 582 456 641 Eleusinia
480 581 837 655 etDionysia
852 599 1064 658 magna
1083 583 1231 656 apud
1242 583 1652 658 Athenienses,
1676 580 2027 652 Hyacinthia
2047 582 2197 655 apud
2209 580 2550 657 Spartanos,

159 704 390 757 Heraea
412 701 564 775 apud
576 704 858 777 Argivos,
871 702 1219 776 Aphrodisia
1243 703 1392 775 apud
1405 701 1754 778 Corinthios,
1766 704 2052 761 Adrastea
2063 702 2212 775 apud
2224 701 2551 780 Sicyonios,

155 822 470 893 Asclepiea
493 823 644 896 apud
668 824 1013 897 Epidaurios
1028 867 1044 899 ,
1075 824 1317 881 Heliaea
1337 824 1486 897 apud
1508 823 1771 881 Rhodios
1816 831 1870 881 et
1891 824 1948 880 id
1970 838 2164 898 genus
2184 824 2315 882 alia.
2391 826 2547 884 Inter

161 958 265 997 eos
286 946 473 999 autem
493 942 843 1015 peregrinos
865 942 1171 1014 principem
1193 942 1373 997 locum
1395 943 1710 999 obtinuisse
1720 943 1985 1000 videntur
2001 951 2192 1018 θεωροὶ
2211 941 2279 1016 ²),
2319 946 2414 1020 qui
2425 944 2556 1024 Βοὴ

161 1061 455 1118 riensibus
479 1067 660 1133 θεαροί
684 1061 1040 1133 dicebantur,
1079 1060 1149 1114 de
1173 1061 1375 1133 quibus
1399 1063 1596 1118 liceret
1615 1064 1937 1119 accuratius
1969 1078 2181 1139 agere,
2222 1064 2273 1119 si
2307 1068 2404 1120 aut
2428 1062 2550 1119 Ae-

165 1180 355 1251 schyli
390 1181 697 1254 tragoedia
728 1187 914 1253 θεωροὶ
956 1185 1324 1252 ἢἸσθμιασταί
1345 1176 1442 1253 (de
1464 1197 1575 1254 qua
1597 1180 1811 1236 erudite
1833 1186 2228 1238 commentatus
2259 1187 2347 1235 est
2373 1179 2552 1254 VVssl‘f

165 1301 421 1378 ckerus),
443 1307 541 1357 aut
560 1303 886 1374 Epicharmi
914 1303 1200 1359 comoedia
1219 1307 1425 1375 θεαροί,
1450 1304 1547 1354 aut
1559 1299 1889 1370 Euphronis
1915 1298 2127 1354 Comici
2149 1298 2345 1354 fabula
2363 1310 2554 1373 θεωροί

168 1427 406 1477 extaret.
466 1421 732 1485 Nominis
743 1422 1131 1495 veriloquium,
1151 1421 1301 1493 quod
1319 1426 1549 1475 veteres
1564 1416 1920 1475 Grammatici
1944 1419 2229 1473 commenti
2252 1425 2402 1494 sunt,
2434 1386 2554 1476 cum

167 1544 240 1599 ab
273 1553 412 1599 θεῶν
444 1550 552 1616 ὥρᾳ
594 1543 722 1597 eius
741 1541 1025 1615 originem
1049 1540 1375 1595 derivarent
1395 1538 1471 1613 ³),
1509 1538 1720 1610 placuit
1742 1537 1798 1591 id
1820 1537 2159 1593 doctissimis
2179 1538 2323 1593 viris
2343 1537 2418 1614 ⁴),
2447 1557 2556 1596 no-

167 1661 258 1716 bis
295 1676 410 1715 non
446 1661 661 1732 placet,
698 1674 882 1741 neque
904 1662 1094 1735 magis
1131 1666 1359 1733 θεωρόν,
1407 1665 1674 1732 θυρωρόν,
1730 1663 1989 1730 πυλωρόν,
2034 1665 2294 1731 κηπωρόν,
2339 1668 2554 1733 ὑλωρόν,

171 1787 453 1854 σκευωρόν,
508 1784 730 1854 νεωρόν,
778 1780 850 1834 ab
888 1787 1022 1852 ὥρας
1054 1780 1332 1836 vocabulo
1367 1778 1624 1834 derivata
1660 1777 1995 1853 dixerimuS,
2042 1793 2203 1849 quam
2243 1787 2465 1853 τιμωρόν
2501 1790 2557 1839 et

172 1908 412 1975 θυωρόν,
452 1918 600 1972 quae
636 1902 710 1956 ab
743 1909 861 1972 τιμὴ
909 1908 964 1957 et
1029 1906 1104 1958 θύ
1157 1901 1283 1957 sive
1330 1904 1496 1971 θυηλή
1541 1898 1814 1971 producta
1859 1913 1994 1953 esse
2036 1903 2218 1973 patet3
2273 1915 2310 1953 a
2352 1902 2557 1972 quibus

171 2026 342 2097 plane
376 2020 663 2079 diversam
694 2020 970 2075 rationem
1007 2026 1319 2093 sequuntur
1359 2022 1469 2078 tum
1516 2027 1702 2091 εὔωρος
1748 2024 1803 2075 et
1849 2024 2114 2093 ὀλίγωρος,
2157 2024 2266 2073 tum
2300 2027 2562 2097 τέτρωρος,

174 2155 418 2216 πέλωρος,
452 2138 509 2192 id
543 2138 693 2211 quod
725 2143 998 2194 accentus
1033 2137 1331 2230 discrimen
1366 2138 1510 2194 satis
1543 2138 1708 2195 docet
1725 2136 1791 2210 ⁵).
1867 2140 2055 2212 Atque
2088 2144 2291 2212 θεωροῦ
2327 2141 2560 2200 verbum

78 2272 100 2328 s.
175 2274 237 2323 ut
267 2267 339 2323 ab
372 2270 496 2325 θέας
534 2276 677 2315 voce
706 2257 1035 2330 productum
1080 2257 1435 2331 arbitremur,
1488 2258 1690 2315 suadet
1724 2260 1954 2332 primum
1994 2234 2210 2333 θεωρεῖν
2252 2268 2307 2318 et
2340 2274 2561 2340 θεωρία,

47 2309 82 2365 q
176 2387 329 2461 quod
362 2385 430 2439 de
467 2379 775 2453 spectando
807 2384 862 2433 et
892 2378 1218 2451 spectaculo
1249 2377 1503 2432 omnibus
1536 2377 1906 2449 scriptoribus
1948 2386 2276 2451 usurpatum
2316 2390 2434 2457 est,
2478 2390 2560 2443 uti

232 2598 281 2649 2)
311 2595 372 2635 De
403 2589 559 2631 theoris
602 2589 699 2627 data
740 2598 868 2637 opera
907 2584 1216 2637 disputaverunt
1246 2583 1358 2624 Van
1389 2580 1526 2622 Dale
1564 2582 1787 2624 dissertatt.
1820 2598 1862 2636 p.
1891 2584 1977 2627 468
2007 2599 2097 2639 sqq.
2157 2585 2351 2641 Spanh.
2382 2593 2434 2633 ad
2462 2592 2562 2635 Cal-

291 2672 379 2715 lim.
410 2669 454 2710 h.
481 2668 524 2709 in
542 2665 635 2708 Del.
664 2678 703 2707 V.
724 2662 824 2707 314.
882 2661 1286 2704 Valckenarius
1314 2660 1620 2703 Animadverss.
1652 2663 1704 2702 ad
1735 2661 1924 2704 Ammon.
1955 2676 1996 2716 p.
2026 2662 2082 2704 92
2113 2678 2203 2718 sqq.
2230 2672 2268 2706 et
2299 2666 2364 2718 qui
2397 2674 2480 2710 tum
2512 2669 2566 2710 ab

295 2750 427 2802 intpp.
449 2747 502 2788 ad
524 2744 711 2799 Hesych.
743 2749 826 2783 tum
857 2742 900 2783 in
927 2741 1196 2795 Stephani
1226 2740 1430 2783 Thesaur.
1462 2753 1499 2782 s.
1529 2753 1567 2781 v.
1597 2737 1763 2797 θεωρός
1794 2748 1831 2781 et
1860 2739 2122 2796 ἀρχιθέωρος
2149 2744 2392 2788 excitantur.

241 2832 289 2881 3)
319 2825 570 2869 Pollucis
602 2824 653 2875 11,
684 2822 758 2864 55.
793 2820 898 2862 mira
927 2826 990 2860 est
1020 2819 1264 2870 oscitantia,
1311 2818 1378 2871 qui
1420 2832 1509 2858 cum
1550 2818 1738 2871 θεωρὸς,
1778 2820 1843 2859 καὶ
1875 2819 2142 2874 συνθέωρος,
2182 2824 2249 2863 καὶ
2277 2826 2457 2878 θεωρία,
2499 2832 2564 2871 καὶ

294 2904 525 2959 θεωρικὸν,
557 2902 625 2944 καὶ
654 2900 708 2944 τὰ
739 2902 916 2942 τοιαῦτα
945 2896 1028 2942 ἀπὸ
1060 2902 1136 2942 τοῦ
1164 2900 1353 2942 θεᾶσθαι
1383 2897 1492 2939 dicta
1521 2910 1612 2938 esse
1642 2899 1862 2951 concedat,
1908 2898 2146 2941 incredibile
2173 2902 2285 2943 addit
2315 2909 2449 2946 tamen
2485 2906 2564 2950 fin-

297 2985 357 3037 git
388 2982 659 3035 veriloquium
697 2980 797 3021 hoc:
847 2977 887 3020 οἱ
920 2976 1000 3035 γὰρ
1041 2977 1230 3021 Πυθῶδε
1268 2963 1424 3029 ’θεωροὶ
1464 2977 1532 3017 καὶ
1571 2976 1754 3032 eunoun)
1796 2974 1894 3026 ὁδὸς
1931 2979 1997 3018 καὶ
2037 2980 2191 3033 &emm
2227 2985 2331 3030 ναῦς
2367 2982 2449 3026 ἀπὸ
2489 2992 2565 3028 τοῦ

300 3037 435 3116 Ξτρός
465 3060 600 3102 θεὸν
630 3056 847 3112 ὄροῦειν
876 3055 903 3109 ἢ
935 3053 1102 3109 ὁρμᾶν
1131 3055 1156 3108 ἢ
1189 3053 1399 3097 ὁδεύειν
1431 3056 1606 3121 λέγεται..

244 3143 287 3188 ll)
315 3140 380 3181 Cf.
411 3139 461 3180 C.
492 3139 540 3180 Ο.
571 3136 813 3178 Mueller
842 3134 1030 3188 Aeginet.
1061 3148 1103 3187 p.
1135 3135 1233 3179 135.
1293 3135 1574 3177 Buttmann
1606 3133 1679 3177 Gr.
1701 3134 1772 3175 Gr.
1795 3146 1901 3177 max.
1934 3134 1984 3186 11,
2005 3135 2105 3178 350.
2165 3136 2412 3182 Welcker
2437 3143 2564 3186 Prae-

300 3217 373 3261 fat.
401 3217 450 3256 ad
484 3215 675 3267 Theogn.
707 3227 750 3266 p,
779 3212 908 3254 xvn.

247 3294 291 3340 5)
322 3292 599 3345 Goettliug
630 3293 678 3332 de
709 3296 862 3331 acc-ent.
897 3303 938 3342 p.
971 3289 1069 3331 208.
