2732 3740
1336 213 1410 248 XV

164 360 380 422 'bantur
400 355 480 427 ⁴⁸).
556 355 828 412 Theoriis
858 362 1075 429 autem7‘
1123 357 1272 431 quod
1307 358 1381 415 ad
1417 355 1776 431 splendorem
1824 361 1880 411 et
1922 355 2389 430 magnificentiam
2435 360 2558 415 sol-

176 477 432 533 lemnium
464 491 580 531 non
615 475 967 531 mediocriter
1002 472 1193 533 facere
1237 463 1602 551 videbantur⁷
1659 480 1869 533 tantum
1914 475 2288 552 tribuebatur,
2344 484 2407 533 ut
2455 496 2554 534 ea-

116 644 126 651 .
172 612 294 671 rum
338 598 559 652 nomine
606 597 958 669 civitatibus⁷
1010 613 1047 652 a
1092 598 1294 670 quibus
1341 602 1538 655 essent
1572 568 1809 669 missae,
1853 613 2258 668 nonnumquam
2296 614 2557 652 coronam

175 714 505 773 decerneret
551 733 621 773 ea
667 709 898 789 civitaS,
943 716 1017 771 ad
1062 733 1225 792 quam
1269 722 1466 774 essent
1511 713 1830 791 profectae3
1894 717 1978 770 sic
2026 713 2265 771 Deliaco
2318 717 2555 792 quodam

159 824 439 892 'marmore
475 838 738 894 Eubulus
771 836 979 893 Delius
1000 836 1374 894 Atheniensis
1412 839 1484 892 ab
1521 821 1843 892 cleruchica
1877 836 2102 894 civitate
2124 835 2553 892 Atheniensium

173 959 232 1016 in'
278 957 430 1014 Delo
477 957 781 1037 cons-tituta
826 956 1086 1015 laudatur
1132 959 1295 1032 eique
1342 972 1551 1013 corona
1598 956 1919 1013 decernitur
1967 942 2171 1031 aurea,x
2213 955 2377 1034 quod¹
2411 957 2555 1010 inter

171 1080 316 1151 alia,
368 1093 490 1132 cum
545 1080 703 1130 esset
755 1077 1148 1134 architheorus
1194 1078 1268 1133 ad
1310 1077 1720 1133 Panathenaea
1765 1062 1958 1131 Attica
2006 1078 2250 1151 electuS,
2304 1076 2383 1129 ita
2436 1092 2555 1128 cum

169 1195 283 1253 filio
333 1200 388 1251 et
433 1194 673 1267 reliquis
721 1194 1047 1266 syntheoris
1082 1213 1145 1253 re
1182 1214 1291 1254 sua
1325 1200 1484 1253 esset
1517 1193 1771 1270 functuS,
1805 1200 1868 1252 ut
1894 1197 2137 1268 populus
2172 1190 2553 1252 Atheniensis

169 1288 462 1374 Deliorum
505 1316 577 1372 ab
621 1316 830 1388 populo
875 1314 1219 1372 Atheniensi
1264 1316 1616 1372 Athenarum
1661 1332 1872 1372 corona
1917 1331 2095 1372 aurea
2141 1319 2438 1370 ornaretur
2471 1311 2555 1386 ⁴²).

156 1422 333 1508 'Quae
374 1452 514 1491 vero
557 1431 817 1491 civitates
862 1429 1141 1493 mitterent
1185 1429 1478 1511 theorias7'
1524 1436 1597 1491 iis
1644 1437 1716 1491 ab
1768 1453 1836 1491 ea
1884 1435 2138 1508 civitate,
2192 1436 2353 1490 cuius
2393 1440 2553 1488 erant

170 1553 491 1630 sollemnia,
549 1572 739 1611 eorum
786 1560 1000 1628 tempus
1046 1556 1241 1612 verbis
1288 1557 1656 1611 sollemnibus
1702 1555 1876 1611 indici
1916 1563 2357 1632 (ἐπαγγέλλεσθαι)
2395 1556 2553 1610 sole-

168 1674 375 1749 ὑπ”),
417 1676 476 1730 id
514 1674 664 1748 quod
700 1690 819 1731 cum
854 1662 1200 1733 induciarum
1245 1693 1533 1732 sacrarum
1583 1669 1887 1749 (ἐκεχειρίας
1924 1694 1971 1734 s,
2019 1684 2278 1747 σπονδῶν)
2328 1675 2549 1731 denun-

168 1798 411 1853 ciatione
430 1793 492 1863 ⁴⁴)
541 1794 889 1849 coniunctum
935 1799 1081 1867 erat3
1135 1795 1236 1849 illa
1281 1794 1586 1849 indictione
1633 1797 1796 1850 etiam
1842 1801 2024 1851 statae
2071 1796 2250 1852 feriae
2298 1801 2354 1850 et
2389 1809 2557 1848 sacra

167 1905 365 1972 carere
400 1929 514 1970 non
548 1916 834 1986 poterant,
878 1907 1026 1986 quod
1058 1912 1323 1969 diversus
1359 1928 1544 1985 neque
1578 1894 1721 1970 idem
1758 1921 1880 1971 erat
1915 1915 2238 1971 civitatibus
2274 1917 2412 1971 anni
2459 1930 2553 1969 or-

168 2025 400 2092 dinandi
432 2031 645 2095 modus.
740 2031 1170 2111 Nonnumquam
1198 2032 1418 2107 legatio
1450 2034 1773 2091 circumibat
1809 2036 2094 2112 civitateS,
2144 2052 2292 2110 quae
2334 2052 2434 2092 eas
2479 2034 2548 2090 ad

278 2412 363 2451 πᾶν
385 2404 522 2464 κύκλῳ
548 2405 756 2460 Ὀλυμπία
765 2438 779 2459 ,
810 2407 928 2461 τηνδὶ
957 2405 1005 2449 δὲ
1033 2404 1112 2460 τὴν
1141 2405 1299 2460 σκηνὴν
1316 2404 1405 2447 ἐκεῖ
1418 2404 1574 2460 σκηνὴν
1594 2403 1702 2460 ὁρᾶν
1721 2405 1933 2462 θεωρικὴν
1950 2408 2144 2460 νομίζετε.
2201 2410 2233 2450 Ρ
2244 2423 2263 2450 s
2275 2423 2295 2450 e
2308 2423 2330 2449 u
2343 2412 2365 2450 d
2381 2424 2403 2450 o
2415 2435 2434 2442 —
2447 2409 2481 2449 A
2495 2423 2519 2448 n
2530 2432 2550 2439 -

279 2487 387 2530 doc.
418 2499 452 2527 c.
482 2484 618 2527 Alcib.
648 2485 690 2541 §.
720 2483 791 2529 30.
831 2485 971 2529 Plut.
1002 2482 1135 2527 Alcib.
1168 2483 1237 2527 12.
1278 2483 1462 2528 Athen.
1491 2484 1583 2538 XII,
1613 2484 1713 2538 534,
1742 2486 1780 2528 ὀ.
1819 2485 1951 2539 Atque
1973 2485 2016 2527 hi
2036 2485 2117 2528 loci
2138 2488 2189 2529 ad
2213 2488 2391 2530 tentoria
2409 2486 2548 2539 Olym-

278 2566 373 2621 pica
392 2564 623 2619 pertinent,
652 2563 938 2615 Isthmicorum
953 2562 1070 2606 fidem
1090 2563 1190 2606 facit
1210 2562 1399 2605 Aristo
1410 2576 1435 2617 p
1450 2563 1494 2608 h.
1524 2563 1623 2610 Pac.
1645 2564 1742 2607 877.
1772 2563 1815 2614 ἐς
1824 2562 2002 2619 Ἴσθμια
2022 2564 2178 2622 σκηνὴν
2198 2563 2517 2620 καταλαμβάνω.

221 2675 302 2732 41)
329 2674 555 2729 Diony&
575 2673 642 2718 Ἠ.
671 2672 720 2718 iu
744 2675 850 2730 Lys.
881 2689 922 2728 p.
952 2674 1053 2719 520.
1094 2671 1252 2728 ἔπεμψε
1290 2673 1485 2729 θεωροὺς
1513 2675 1571 2724 εἷς
1598 2671 1673 2729 τὴν
1702 2673 1929 2730 πανήγυριν
1961 2671 1983 2718 ὅ
2014 2673 2236 2725 Διονύσιος
2259 2674 2437 2731 ἄγοντας
2466 2678 2548 2717 θν-

278 2755 373 2799 σίαν
401 2755 462 2814 τῷ
489 2754 605 2813 θεῷ,
631 2751 946 2812 μεγαλοπρεπής
973 2769 1018 2798 τε
1045 2751 1261 2811 καταγωγὴ
1292 2756 1378 2796 τῶν
1403 2755 1581 2812 θεωρῶν
1610 2752 1766 2811 ἐγένετο
1795 2753 1839 2797 ἐν
1867 2757 1927 2814 τῷ
1960 2753 2127 2809 τεμένει.

220 2865 301 2920 42)
330 2863 486 2916 θοι-με
516 2864 646 2906 Inscr.
676 2863 750 2908 Gr.
777 2877 849 2909 no.
878 2864 1010 2907 2270.
1050 2860 1318 2921 α’ρχεθεωρός
1345 2878 1390 2905 τε
1416 2863 1597 2921 αἱρεθεὶς
1626 2864 1694 2906 καὶ
1723 2851 1829 2918 Iaera
1859 2867 1936 2906 τοῦ
1963 2861 2040 2906 ὗοῦ
2073 2866 2141 2906 καὶ
2171 2868 2256 2907 τῶν
2281 2863 2420 2908 ἄλλων
2451 2881 2547 2907 συν-

277 2944 452 3000 θεῶρων
480 2943 619 2986 πάντα
646 2947 783 2994 καλῶς
811 2945 878 2985 καὶ
908 2943 1148 2999 πρεπόντως
1172 2939 1414 2998 βραβεύσας
1441 2941 1535 2985 τότε
1563 2946 1731 2999 πρῶτον
1761 2944 2081 2999 Παναθηναίοις
2109 2945 2275 2999 ἐποίησε
2307 2945 2383 2987 τὸν
2414 2946 2547 2999 δῆμον

276 3024 351 3066 τὸν
371 3022 611 3078 Ἀθηναίων
638 3026 723 3066 τῶν
751 3023 794 3065 ἓν
823 3016 956 3082 Δήλῳ
993 3024 1224 3077 τιμηθῆναι
1249 3025 1397 3081 χρυσῷ
1427 3019 1617 3080 στεφάνῳ
1648 3021 1957 3080 ἇνηγορευμένῳ
1987 3023 2030 3065 ἐν
2059 3027 2120 3083 τῷ
2150 3025 2192 3066 ἓν
2221 3023 2335 3067 ἄστει
2362 3021 2547 3082 θεάτρῳ.

220 3123 298 3180 43)
328 3122 491 3175 Thuc.
523 3123 632 3175 VIII,
664 3123 734 3166 10.
771 3123 816 3165 ἓν
857 3096 904 3165 δὲ
941 3119 1078 3179 τούτῳ
1112 3119 1166 3164 τὰ
1195 3120 1375 3175 Ἴσθμια
1417 3123 1595 3180 ἐγίνετο,
1651 3124 1720 3165 καὶ
1750 3123 1789 3165 οἱ
1823 3121 2042 3178 Ἀθηναῖοι
2069 3124 2409 3182 (ἐπηγγέλθησαν
2444 3123 2547 3180 γάρ)

276 3199 487 3258 ἐθεώρουν
517 3202 563 3252 ἐς
592 3200 719 3247 αὗτᾶ.

218 3305 297 3359 44)
325 3302 386 3346 De
412 3303 480 3345 his
509 3301 685 3346 induciis
715 3304 925 3357 disputavi
951 3303 995 3345 in
1024 3305 1361 3347 commentatione
1390 3305 1439 3346 de
1469 3303 1672 3358 Olympiis
1703 3318 1747 3356 p.
1775 3304 1862 3346 298
1884 3318 1947 3356 oq.
