<?xml version="1.0" encoding="UTF-8"?>
<!DOCTYPE html PUBLIC "-//W3C//DTD XHTML 1.0 Transitional//EN"
    "http://www.w3.org/TR/xhtml1/DTD/xhtml1-transitional.dtd">
<html xmlns="http://www.w3.org/1999/xhtml" xml:lang="en" lang="en">
 <head>
  <title>
</title>
<meta http-equiv="Content-Type" content="text/html;charset=utf-8" />
  <meta name='ocr-system' content='tesseract 3.04.00' />
  <meta name='ocr-capabilities' content='ocr_page ocr_carea ocr_par ocr_line ocrx_word'/>
</head>
<body>
  <div class='ocr_page' id='page_1' title='image "./4630569_0026.png"; bbox 0 0 2732 3740; ppageno 0'>
   <div class='ocr_carea' id='block_1_1' title="bbox 1354 173 1418 205">
    <p class='ocr_par' dir='ltr' id='par_1_1' title="bbox 1354 173 1418 205">
     <span class='ocr_line' id='line_1_1' title="bbox 1354 173 1418 205; baseline 0 0"><span class='ocrx_word' id='word_1_1' title='bbox 1354 173 1418 205; x_wconf 72' lang='lat' dir='ltr'>XX</span> 
     </span>
    </p>
   </div>
   <div class='ocr_carea' id='block_1_2' title="bbox 1242 231 1529 240">
    <p class='ocr_par' dir='ltr' id='par_1_2' title="bbox 1242 231 1529 240">
     <span class='ocr_line' id='line_1_2' title="bbox 1242 231 1529 240; baseline 0 3500"><span class='ocrx_word' id='word_1_2' title='bbox 1242 231 1529 240; x_wconf 95' lang='lat' dir='ltr'> </span> 
     </span>
    </p>
   </div>
   <div class='ocr_carea' id='block_1_3' title="bbox 184 281 2581 1470">
    <p class='ocr_par' dir='ltr' id='par_1_3' title="bbox 184 281 2581 1470">
     <span class='ocr_line' id='line_1_3' title="bbox 346 281 2578 390; baseline -0.004 -12"><span class='ocrx_word' id='word_1_3' title='bbox 346 319 604 378; x_wconf 86' lang='lat' dir='ltr'>Summus</span> <span class='ocrx_word' id='word_1_4' title='bbox 635 324 819 375; x_wconf 83' lang='lat' dir='ltr'>autem</span> <span class='ocrx_word' id='word_1_5' title='bbox 849 318 1192 374; x_wconf 86' lang='lat' dir='ltr'>theoriarum</span> <span class='ocrx_word' id='word_1_6' title='bbox 1220 281 1805 390; x_wconf 60' lang='lat' dir='ltr'>apparams58umma</span> <span class='ocrx_word' id='word_1_7' title='bbox 1831 310 2254 390; x_wconf 74' lang='lat' dir='ltr'>magnificentia</span> <span class='ocrx_word' id='word_1_8' title='bbox 2278 316 2353 370; x_wconf 44' lang='lat' dir='ltr'>,in</span> <span class='ocrx_word' id='word_1_9' title='bbox 2392 330 2578 387; x_wconf 87' lang='lat' dir='ltr'>pom-</span> 
     </span>
     <span class='ocr_line' id='line_1_4' title="bbox 190 434 2577 511; baseline -0.004 -16"><span class='ocrx_word' id='word_1_10' title='bbox 190 443 302 511; x_wconf 89' lang='lat' dir='ltr'>pis</span> <span class='ocrx_word' id='word_1_11' title='bbox 358 439 1261 510; x_wconf 70' lang='lat' dir='ltr'>deducendis·ostentabatur⁷</span> <span class='ocrx_word' id='word_1_12' title='bbox 1318 438 1402 492; x_wconf 91' lang='lat' dir='ltr'>uti</span> <span class='ocrx_word' id='word_1_13' title='bbox 1443 438 1502 491; x_wconf 88' lang='lat' dir='ltr'>in</span> <span class='ocrx_word' id='word_1_14' title='bbox 1544 451 1771 510; x_wconf 75' lang='lat' dir='ltr'>pompa,</span> <span class='ocrx_word' id='word_1_15' title='bbox 1822 450 1862 491; x_wconf 86' lang='lat' dir='ltr'>a</span> <span class='ocrx_word' id='word_1_16' title='bbox 1906 447 2021 508; x_wconf 79' lang='lat' dir='ltr'>qua</span> <span class='ocrx_word' id='word_1_17' title='bbox 2064 435 2386 491; x_wconf 74' lang='lat' dir='ltr'><strong>Antiochus</strong></span> <span class='ocrx_word' id='word_1_18' title='bbox 2432 434 2577 506; x_wconf 67' lang='lat' dir='ltr'>Epi-</span> 
     </span>
     <span class='ocr_line' id='line_1_5' title="bbox 189 553 2580 632; baseline -0.003 -15"><span class='ocrx_word' id='word_1_19' title='bbox 189 560 415 632; x_wconf 82' lang='lat' dir='ltr'>phanes</span> <span class='ocrx_word' id='word_1_20' title='bbox 432 558 690 616; x_wconf 91' lang='lat' dir='ltr'>ludorum</span> <span class='ocrx_word' id='word_1_21' title='bbox 720 558 794 615; x_wconf 92' lang='lat' dir='ltr'>ab</span> <span class='ocrx_word' id='word_1_22' title='bbox 824 573 889 613; x_wconf 92' lang='lat' dir='ltr'>se</span> <span class='ocrx_word' id='word_1_23' title='bbox 924 556 1300 613; x_wconf 88' lang='lat' dir='ltr'>exhibitorum</span> <span class='ocrx_word' id='word_1_24' title='bbox 1335 557 1553 614; x_wconf 88' lang='lat' dir='ltr'>initium</span> <span class='ocrx_word' id='word_1_25' title='bbox 1581 553 1855 630; x_wconf 77' lang='lat' dir='ltr'><strong>faciebat,</strong></span> <span class='ocrx_word' id='word_1_26' title='bbox 1897 555 2063 611; x_wconf 86' lang='lat' dir='ltr'>etiam</span> <span class='ocrx_word' id='word_1_27' title='bbox 2091 559 2379 612; x_wconf 76' lang='lat' dir='ltr'>trecentae</span> <span class='ocrx_word' id='word_1_28' title='bbox 2414 553 2580 611; x_wconf 70' lang='lat' dir='ltr'>theo-⁴·</span> 
     </span>
     <span class='ocr_line' id='line_1_6' title="bbox 190 673 2580 752; baseline -0.002 -18"><span class='ocrx_word' id='word_1_29' title='bbox 190 683 310 736; x_wconf 89' lang='lat' dir='ltr'>riae</span> <span class='ocrx_word' id='word_1_30' title='bbox 344 680 836 751; x_wconf 83' lang='lat' dir='ltr'>conspiciebantur</span> <span class='ocrx_word' id='word_1_31' title='bbox 857 674 953 751; x_wconf 61' lang='lat'>6‘&#39;&#39;)3</span> <span class='ocrx_word' id='word_1_32' title='bbox 984 677 1079 732; x_wconf 91' lang='lat' dir='ltr'>hic</span> <span class='ocrx_word' id='word_1_33' title='bbox 1101 678 1315 752; x_wconf 80' lang='lat' dir='ltr'>theori,</span> <span class='ocrx_word' id='word_1_34' title='bbox 1341 694 1575 750; x_wconf 87' lang='lat' dir='ltr'>quorum</span> <span class='ocrx_word' id='word_1_35' title='bbox 1602 693 1742 749; x_wconf 85' lang='lat' dir='ltr'>pars</span> <span class='ocrx_word' id='word_1_36' title='bbox 1759 673 1827 750; x_wconf 78' lang='lat'>⁶⁷)</span> <span class='ocrx_word' id='word_1_37' title='bbox 1850 681 2170 752; x_wconf 72' lang='grc' dir='ltr'><strong><em>στλεγγίδας,</em></strong></span> <span class='ocrx_word' id='word_1_38' title='bbox 2196 675 2255 730; x_wconf 90' lang='lat' dir='ltr'>id</span> <span class='ocrx_word' id='word_1_39' title='bbox 2287 682 2379 731; x_wconf 84' lang='lat' dir='ltr'>est</span> <span class='ocrx_word' id='word_1_40' title='bbox 2407 690 2580 731; x_wconf 77' lang='lat' dir='ltr'>orna·-</span> 
     </span>
     <span class='ocr_line' id='line_1_7' title="bbox 187 793 2580 874; baseline -0.003 -19"><span class='ocrx_word' id='word_1_41' title='bbox 187 806 372 856; x_wconf 84' lang='lat' dir='ltr'>menta</span> <span class='ocrx_word' id='word_1_42' title='bbox 402 800 604 870; x_wconf 88' lang='lat' dir='ltr'>capitis</span> <span class='ocrx_word' id='word_1_43' title='bbox 642 801 701 856; x_wconf 92' lang='lat' dir='ltr'>in</span> <span class='ocrx_word' id='word_1_44' title='bbox 733 799 1021 874; x_wconf 82' lang='lat' dir='ltr'>strigilum</span> <span class='ocrx_word' id='word_1_45' title='bbox 1053 796 1282 853; x_wconf 88' lang='lat' dir='ltr'>formam</span> <span class='ocrx_word' id='word_1_46' title='bbox 1312 795 1491 872; x_wconf 76' lang='lat' dir='ltr'>facta⁷</span> <span class='ocrx_word' id='word_1_47' title='bbox 1525 798 1877 873; x_wconf 74' lang='lat' dir='ltr'>gestaverit,</span> <span class='ocrx_word' id='word_1_48' title='bbox 1919 793 2238 870; x_wconf 78' lang='lat' dir='ltr'>splendidis</span> <span class='ocrx_word' id='word_1_49' title='bbox 2271 794 2580 862; x_wconf 75' lang='lat' dir='ltr'>vest&#39;meu-</span> 
     </span>
     <span class='ocr_line' id='line_1_8' title="bbox 187 912 2580 991; baseline -0.003 -18"><span class='ocrx_word' id='word_1_50' title='bbox 187 919 262 973; x_wconf 85' lang='lat' dir='ltr'>tis</span> <span class='ocrx_word' id='word_1_51' title='bbox 294 918 500 989; x_wconf 72' lang='lat' dir='ltr'>induti,</span> <span class='ocrx_word' id='word_1_52' title='bbox 538 924 848 988; x_wconf 88' lang='lat' dir='ltr'>praeeunte</span> <span class='ocrx_word' id='word_1_53' title='bbox 880 917 1268 991; x_wconf 77' lang='lat' dir='ltr'>architheoro,</span> <span class='ocrx_word' id='word_1_54' title='bbox 1319 918 1415 989; x_wconf 90' lang='lat' dir='ltr'>qui</span> <span class='ocrx_word' id='word_1_55' title='bbox 1457 932 1721 972; x_wconf 87' lang='lat' dir='ltr'>coronam</span> <span class='ocrx_word' id='word_1_56' title='bbox 1764 933 1994 973; x_wconf 80' lang='lat' dir='ltr'>auream</span> <span class='ocrx_word' id='word_1_57' title='bbox 2033 932 2156 972; x_wconf 89' lang='lat' dir='ltr'>cum</span> <span class='ocrx_word' id='word_1_58' title='bbox 2194 912 2426 970; x_wconf 81' lang='lat' dir='ltr'>ftontali</span> <span class='ocrx_word' id='word_1_59' title='bbox 2465 923 2580 986; x_wconf 84' lang='lat' dir='ltr'>ge·-</span> 
     </span>
     <span class='ocr_line' id='line_1_9' title="bbox 188 1032 2578 1122; baseline -0.003 -32"><span class='ocrx_word' id='word_1_60' title='bbox 188 1037 454 1108; x_wconf 72' lang='lat' dir='ltr'>staverit,</span> <span class='ocrx_word' id='word_1_61' title='bbox 513 1037 805 1090; x_wconf 88' lang='lat' dir='ltr'>comitante</span> <span class='ocrx_word' id='word_1_62' title='bbox 848 1052 1130 1109; x_wconf 85' lang='lat' dir='ltr'>praecone</span> <span class='ocrx_word' id='word_1_63' title='bbox 1171 1052 1369 1108; x_wconf 73' lang='lat' dir='ltr'>sacro,</span> <span class='ocrx_word' id='word_1_64' title='bbox 1426 1041 1701 1108; x_wconf 86' lang='lat' dir='ltr'>sequente</span> <span class='ocrx_word' id='word_1_65' title='bbox 1750 1035 1950 1122; x_wconf 75' lang='lat' dir='ltr'>choro,</span> <span class='ocrx_word' id='word_1_66' title='bbox 2012 1036 2065 1089; x_wconf 90' lang='lat' dir='ltr'>si</span> <span class='ocrx_word' id='word_1_67' title='bbox 2105 1034 2329 1107; x_wconf 86' lang='lat' dir='ltr'>quidem</span> <span class='ocrx_word' id='word_1_68' title='bbox 2369 1032 2578 1085; x_wconf 88' lang='lat' dir='ltr'>chorus</span> 
     </span>
     <span class='ocr_line' id='line_1_10' title="bbox 186 1146 2580 1232; baseline -0.002 -21"><span class='ocrx_word' id='word_1_69' title='bbox 186 1154 414 1213; x_wconf 88' lang='lat' dir='ltr'>additus</span> <span class='ocrx_word' id='word_1_70' title='bbox 449 1161 571 1212; x_wconf 83' lang='lat' dir='ltr'>erat</span> <span class='ocrx_word' id='word_1_71' title='bbox 600 1155 886 1229; x_wconf 73' lang='lat' dir='ltr'>theoriae,</span> <span class='ocrx_word' id='word_1_72' title='bbox 907 1146 1194 1232; x_wconf 75' lang='lat' dir='ltr'>⁴magnam</span> <span class='ocrx_word' id='word_1_73' title='bbox 1232 1156 1345 1211; x_wconf 92' lang='lat' dir='ltr'>vim</span> <span class='ocrx_word' id='word_1_74' title='bbox 1382 1156 1509 1213; x_wconf 89' lang='lat' dir='ltr'>auri</span> <span class='ocrx_word' id='word_1_75' title='bbox 1549 1155 1920 1231; x_wconf 80' lang='lat' dir='ltr'>argentique,</span> <span class='ocrx_word' id='word_1_76' title='bbox 1966 1154 2305 1228; x_wconf 80' lang='lat' dir='ltr'>praesertim</span> <span class='ocrx_word' id='word_1_77' title='bbox 2345 1150 2580 1225; x_wconf 87' lang='lat' dir='ltr'>pompea</span> 
     </span>
     <span class='ocr_line' id='line_1_11' title="bbox 188 1271 2581 1351; baseline 0.001 -22"><span class='ocrx_word' id='word_1_78' title='bbox 188 1274 292 1331; x_wconf 84' lang='lat' dir='ltr'>illa</span> <span class='ocrx_word' id='word_1_79' title='bbox 324 1274 449 1330; x_wconf 86' lang='lat' dir='ltr'>sive</span> <span class='ocrx_word' id='word_1_80' title='bbox 487 1290 637 1332; x_wconf 87' lang='lat' dir='ltr'>vasa</span> <span class='ocrx_word' id='word_1_81' title='bbox 666 1291 845 1333; x_wconf 90' lang='lat' dir='ltr'>aurea</span> <span class='ocrx_word' id='word_1_82' title='bbox 875 1280 1297 1351; x_wconf 75' lang='lat' dir='ltr'>argenteaque,</span> <span class='ocrx_word' id='word_1_83' title='bbox 1337 1274 1407 1333; x_wconf 91' lang='lat' dir='ltr'>de</span> <span class='ocrx_word' id='word_1_84' title='bbox 1440 1275 1648 1350; x_wconf 86' lang='lat' dir='ltr'>quibus</span> <span class='ocrx_word' id='word_1_85' title='bbox 1688 1282 1865 1349; x_wconf 79' lang='lat' dir='ltr'>su&#39;pra</span> <span class='ocrx_word' id='word_1_86' title='bbox 1906 1274 2123 1333; x_wconf 87' lang='lat' dir='ltr'>dictum-</span> <span class='ocrx_word' id='word_1_87' title='bbox 2149 1279 2265 1349; x_wconf 73' lang='lat' dir='ltr'>est,</span> <span class='ocrx_word' id='word_1_88' title='bbox 2310 1271 2581 1341; x_wconf 44' lang='lat' dir='ltr'>ferentem</span> 
     </span>
     <span class='ocr_line' id='line_1_12' title="bbox 184 1388 2578 1470; baseline -0.002 -18"><span class='ocrx_word' id='word_1_89' title='bbox 184 1411 435 1468; x_wconf 83' lang='lat' dir='ltr'>pompam</span> <span class='ocrx_word' id='word_1_90' title='bbox 468 1394 750 1453; x_wconf 83' lang='lat' dir='ltr'>duxerint.</span> <span class='ocrx_word' id='word_1_91' title='bbox 790 1425 865 1436; x_wconf 91' lang='lat'>--</span> <span class='ocrx_word' id='word_1_92' title='bbox 933 1394 1166 1470; x_wconf 82' lang='lat' dir='ltr'>Magna</span> <span class='ocrx_word' id='word_1_93' title='bbox 1183 1412 1323 1468; x_wconf 85' lang='lat' dir='ltr'>pars</span> <span class='ocrx_word' id='word_1_94' title='bbox 1350 1396 1507 1453; x_wconf 88' lang='lat' dir='ltr'>illius</span> <span class='ocrx_word' id='word_1_95' title='bbox 1532 1402 1766 1453; x_wconf 82' lang='lat' dir='ltr'>ornatus</span> <span class='ocrx_word' id='word_1_96' title='bbox 1797 1412 1913 1452; x_wconf 90' lang='lat' dir='ltr'>non</span> <span class='ocrx_word' id='word_1_97' title='bbox 1942 1412 2074 1453; x_wconf 89' lang='lat' dir='ltr'>raro</span> <span class='ocrx_word' id='word_1_98' title='bbox 2096 1396 2203 1453; x_wconf 87' lang='lat' dir='ltr'>deo</span> <span class='ocrx_word' id='word_1_99' title='bbox 2225 1388 2578 1451; x_wconf 79' lang='lat' dir='ltr'>sollemnium</span> 
     </span>
    </p>
   </div>
   <div class='ocr_carea' id='block_1_4' title="bbox 182 1513 1286 1588">
    <p class='ocr_par' dir='ltr' id='par_1_4' title="bbox 182 1513 1286 1588">
     <span class='ocr_line' id='line_1_13' title="bbox 182 1513 1286 1588; baseline 0.002 -18"><span class='ocrx_word' id='word_1_100' title='bbox 182 1513 434 1585; x_wconf 84' lang='lat' dir='ltr'>praesidi</span> <span class='ocrx_word' id='word_1_101' title='bbox 470 1513 690 1573; x_wconf 87' lang='lat' dir='ltr'>donarii</span> <span class='ocrx_word' id='word_1_102' title='bbox 729 1530 906 1572; x_wconf 85' lang='lat' dir='ltr'>causa</span> <span class='ocrx_word' id='word_1_103' title='bbox 940 1513 1180 1572; x_wconf 88' lang='lat' dir='ltr'>dabatur</span> <span class='ocrx_word' id='word_1_104' title='bbox 1202 1513 1286 1588; x_wconf 81' lang='lat'><strong>⁶⁸).</strong></span> 
     </span>
    </p>
   </div>
   <div class='ocr_carea' id='block_1_5' title="bbox 180 1675 2580 2014">
    <p class='ocr_par' dir='ltr' id='par_1_5' title="bbox 180 1675 2580 2014">
     <span class='ocr_line' id='line_1_14' title="bbox 341 1675 2580 1787; baseline -0.002 -29"><span class='ocrx_word' id='word_1_105' title='bbox 341 1700 507 1769; x_wconf 80' lang='lat' dir='ltr'>Quod</span> <span class='ocrx_word' id='word_1_106' title='bbox 539 1701 613 1757; x_wconf 89' lang='lat' dir='ltr'>ad</span> <span class='ocrx_word' id='word_1_107' title='bbox 645 1701 881 1775; x_wconf 73' lang='lat' dir='ltr'>ludoS‚</span> <span class='ocrx_word' id='word_1_108' title='bbox 922 1703 974 1757; x_wconf 89' lang='lat' dir='ltr'>si</span> <span class='ocrx_word' id='word_1_109' title='bbox 995 1702 1218 1758; x_wconf 90' lang='lat' dir='ltr'>theoria</span> <span class='ocrx_word' id='word_1_110' title='bbox 1237 1701 1481 1758; x_wconf 84' lang='lat' dir='ltr'>additum</span> <span class='ocrx_word' id='word_1_111' title='bbox 1510 1702 1757 1758; x_wconf 89' lang='lat' dir='ltr'>habebat</span> <span class='ocrx_word' id='word_1_112' title='bbox 1787 1702 2043 1774; x_wconf 72' lang='lat' dir='ltr'>chorum,</span> <span class='ocrx_word' id='word_1_113' title='bbox 2078 1675 2580 1787; x_wconf 17' lang='lat' dir='ltr'>curabant-theom,</span> 
     </span>
     <span class='ocr_line' id='line_1_15' title="bbox 181 1798 2576 1895; baseline -0.001 -20"><span class='ocrx_word' id='word_1_114' title='bbox 181 1827 242 1876; x_wconf 88' lang='lat' dir='ltr'>ut</span> <span class='ocrx_word' id='word_1_115' title='bbox 287 1837 430 1876; x_wconf 87' lang='lat' dir='ltr'>suus</span> <span class='ocrx_word' id='word_1_116' title='bbox 470 1798 680 1876; x_wconf 89' lang='lat' dir='ltr'>chorus</span> <span class='ocrx_word' id='word_1_117' title='bbox 717 1838 838 1877; x_wconf 83' lang='lat' dir='ltr'>cum</span> <span class='ocrx_word' id='word_1_118' title='bbox 870 1820 1062 1876; x_wconf 87' lang='lat' dir='ltr'>choris</span> <span class='ocrx_word' id='word_1_119' title='bbox 1095 1822 1334 1878; x_wconf 91' lang='lat' dir='ltr'>aliarum</span> <span class='ocrx_word' id='word_1_120' title='bbox 1367 1821 1587 1878; x_wconf 80' lang='lat' dir='ltr'>urqum</span> <span class='ocrx_word' id='word_1_121' title='bbox 1622 1821 1957 1893; x_wconf 89' lang='lat' dir='ltr'>tripudiaret</span> <span class='ocrx_word' id='word_1_122' title='bbox 1989 1827 2371 1895; x_wconf 84' lang='lat' dir='ltr'>certaretque‚</span> <span class='ocrx_word' id='word_1_123' title='bbox 2409 1827 2576 1892; x_wconf 87' lang='lat' dir='ltr'>atque</span> 
     </span>
     <span class='ocr_line' id='line_1_16' title="bbox 180 1937 2578 2014; baseline 0 -21"><span class='ocrx_word' id='word_1_124' title='bbox 180 1940 273 1993; x_wconf 91' lang='lat' dir='ltr'>hic</span> <span class='ocrx_word' id='word_1_125' title='bbox 294 1937 687 1995; x_wconf 88' lang='lat' dir='ltr'>architheorus</span> <span class='ocrx_word' id='word_1_126' title='bbox 711 1941 879 2011; x_wconf 89' lang='lat' dir='ltr'>quasi</span> <span class='ocrx_word' id='word_1_127' title='bbox 902 1940 1145 2013; x_wconf 83' lang='lat' dir='ltr'>choragi</span> <span class='ocrx_word' id='word_1_128' title='bbox 1166 1957 1395 1996; x_wconf 88' lang='lat' dir='ltr'>munere</span> <span class='ocrx_word' id='word_1_129' title='bbox 1417 1938 1646 1996; x_wconf 86' lang='lat' dir='ltr'>functus</span> <span class='ocrx_word' id='word_1_130' title='bbox 1666 1938 1863 2014; x_wconf 81' lang='lat' dir='ltr'>fuerit3</span> <span class='ocrx_word' id='word_1_131' title='bbox 1899 1947 2141 1998; x_wconf 86' lang='lat' dir='ltr'>ceterum</span> <span class='ocrx_word' id='word_1_132' title='bbox 2162 1941 2327 1998; x_wconf 91' lang='lat' dir='ltr'>ludos</span> <span class='ocrx_word' id='word_1_133' title='bbox 2351 1944 2578 2010; x_wconf 82' lang='lat' dir='ltr'>specta-</span> 
     </span>
    </p>
   </div>
   <div class='ocr_carea' id='block_1_6' title="bbox 176 2055 2573 2131">
    <p class='ocr_par' dir='ltr' id='par_1_6' title="bbox 176 2055 2573 2131">
     <span class='ocr_line' id='line_1_17' title="bbox 176 2055 2573 2131; baseline 0.002 -21"><span class='ocrx_word' id='word_1_134' title='bbox 176 2055 311 2112; x_wconf 88' lang='lat' dir='ltr'>bant</span> <span class='ocrx_word' id='word_1_135' title='bbox 329 2055 542 2126; x_wconf 77' lang='lat' dir='ltr'>theori7</span> <span class='ocrx_word' id='word_1_136' title='bbox 580 2058 919 2127; x_wconf 86' lang='lat' dir='ltr'>praesertim</span> <span class='ocrx_word' id='word_1_137' title='bbox 951 2059 1158 2130; x_wconf 87' lang='lat' dir='ltr'>quibus</span> <span class='ocrx_word' id='word_1_138' title='bbox 1191 2064 1348 2113; x_wconf 89' lang='lat' dir='ltr'>esset</span> <span class='ocrx_word' id='word_1_139' title='bbox 1376 2058 1641 2130; x_wconf 89' lang='lat' dir='ltr'>proedria</span> <span class='ocrx_word' id='word_1_140' title='bbox 1673 2057 1832 2131; x_wconf 67' lang='lat' dir='ltr'>data,</span> <span class='ocrx_word' id='word_1_141' title='bbox 1871 2058 1940 2113; x_wconf 91' lang='lat' dir='ltr'>de</span> <span class='ocrx_word' id='word_1_142' title='bbox 1977 2060 2287 2116; x_wconf 86' lang='lat' dir='ltr'>illustriore</span> <span class='ocrx_word' id='word_1_143' title='bbox 2322 2060 2463 2115; x_wconf 88' lang='lat' dir='ltr'>loco.</span> <span class='ocrx_word' id='word_1_144' title='bbox 2503 2089 2573 2098; x_wconf 93' lang='grc'>-</span> 
     </span>
    </p>
   </div>
   <div class='ocr_carea' id='block_1_7' title="bbox 326 2269 2576 2350">
    <p class='ocr_par' dir='ltr' id='par_1_7' title="bbox 326 2269 2576 2350">
     <span class='ocr_line' id='line_1_18' title="bbox 326 2269 2576 2350; baseline 0.002 -26"><span class='ocrx_word' id='word_1_145' title='bbox 326 2269 663 2342; x_wconf 87' lang='lat' dir='ltr'>Plerumque</span> <span class='ocrx_word' id='word_1_146' title='bbox 699 2288 729 2326; x_wconf 93' lang='lat' dir='ltr'>e</span> <span class='ocrx_word' id='word_1_147' title='bbox 743 2289 777 2342; x_wconf 90' lang='lat' dir='ltr'>p</span> <span class='ocrx_word' id='word_1_148' title='bbox 790 2290 828 2327; x_wconf 95' lang='lat' dir='ltr'>u</span> <span class='ocrx_word' id='word_1_149' title='bbox 843 2273 911 2329; x_wconf 88' lang='lat' dir='ltr'>la</span> <span class='ocrx_word' id='word_1_150' title='bbox 924 2290 955 2328; x_wconf 93' lang='lat' dir='ltr'>e</span> <span class='ocrx_word' id='word_1_151' title='bbox 995 2288 1217 2346; x_wconf 92' lang='lat' dir='ltr'>quoque</span> <span class='ocrx_word' id='word_1_152' title='bbox 1251 2271 1464 2330; x_wconf 87' lang='lat' dir='ltr'>fuerint</span> <span class='ocrx_word' id='word_1_153' title='bbox 1486 2273 1545 2329; x_wconf 92' lang='lat' dir='ltr'>in</span> <span class='ocrx_word' id='word_1_154' title='bbox 1564 2281 1861 2349; x_wconf 75' lang='grc' dir='ltr'><em>ἑστιατορίῳ</em></span> <span class='ocrx_word' id='word_1_155' title='bbox 1885 2275 2275 2350; x_wconf 83' lang='lat' dir='ltr'>legationibus</span> <span class='ocrx_word' id='word_1_156' title='bbox 2299 2274 2483 2330; x_wconf 81' lang='lat' dir='ltr'>sacris</span> <span class='ocrx_word' id='word_1_157' title='bbox 2504 2275 2576 2329; x_wconf 89' lang='lat' dir='ltr'>ab</span> 
     </span>
    </p>
   </div>
   <div class='ocr_carea' id='block_1_8' title="bbox 176 2381 2577 2466">
    <p class='ocr_par' dir='ltr' id='par_1_8' title="bbox 176 2381 2577 2466">
     <span class='ocr_line' id='line_1_19' title="bbox 176 2381 2577 2466; baseline 0.004 -25"><span class='ocrx_word' id='word_1_158' title='bbox 176 2388 402 2444; x_wconf 86' lang='lat' dir='ltr'>civitate</span> <span class='ocrx_word' id='word_1_159' title='bbox 437 2405 532 2461; x_wconf 74' lang='lat' dir='ltr'>ea,</span> <span class='ocrx_word' id='word_1_160' title='bbox 583 2403 729 2460; x_wconf 89' lang='lat' dir='ltr'>quae</span> <span class='ocrx_word' id='word_1_161' title='bbox 762 2396 1028 2461; x_wconf 88' lang='lat' dir='ltr'>praeerat</span> <span class='ocrx_word' id='word_1_162' title='bbox 1061 2391 1230 2465; x_wconf 73' lang='lat' dir='ltr'>ludis,</span> <span class='ocrx_word' id='word_1_163' title='bbox 1272 2398 1505 2464; x_wconf 83' lang='lat' dir='ltr'>paratae</span> <span class='ocrx_word' id='word_1_164' title='bbox 1537 2409 1650 2449; x_wconf 92' lang='lat' dir='ltr'>non</span> <span class='ocrx_word' id='word_1_165' title='bbox 1680 2395 1901 2451; x_wconf 87' lang='lat' dir='ltr'>minima</span> <span class='ocrx_word' id='word_1_166' title='bbox 1930 2395 2218 2466; x_wconf 87' lang='lat' dir='ltr'>opulentia</span> <span class='ocrx_word' id='word_1_167' title='bbox 2247 2401 2303 2450; x_wconf 90' lang='lat' dir='ltr'>et</span> <span class='ocrx_word' id='word_1_168' title='bbox 2336 2410 2473 2450; x_wconf 90' lang='lat' dir='ltr'>cura</span> <span class='ocrx_word' id='word_1_169' title='bbox 2495 2381 2577 2464; x_wconf 61' lang='grc'>69).</span> 
     </span>
    </p>
   </div>
   <div class='ocr_carea' id='block_1_9' title="bbox 234 2756 2576 3056">
    <p class='ocr_par' dir='ltr' id='par_1_9' title="bbox 239 2756 1374 2812">
     <span class='ocr_line' id='line_1_20' title="bbox 239 2756 1374 2812; baseline 0.007 -17"><span class='ocrx_word' id='word_1_170' title='bbox 239 2756 316 2809; x_wconf 87' lang='grc'>66)</span> <span class='ocrx_word' id='word_1_171' title='bbox 348 2756 533 2812; x_wconf 83' lang='lat' dir='ltr'>Polyb.</span> <span class='ocrx_word' id='word_1_172' title='bbox 564 2760 691 2810; x_wconf 88' lang='lat' dir='ltr'>XXX,</span> <span class='ocrx_word' id='word_1_173' title='bbox 725 2759 765 2810; x_wconf 85' lang='lat'>3,</span> <span class='ocrx_word' id='word_1_174' title='bbox 802 2759 896 2811; x_wconf 62' lang='lat'>12„</span> <span class='ocrx_word' id='word_1_175' title='bbox 929 2760 965 2800; x_wconf 82' lang='lat' dir='ltr'>si</span> <span class='ocrx_word' id='word_1_176' title='bbox 990 2760 1103 2801; x_wconf 85' lang='lat' dir='ltr'>locus</span> <span class='ocrx_word' id='word_1_177' title='bbox 1138 2772 1264 2802; x_wconf 83' lang='lat' dir='ltr'>sanus</span> <span class='ocrx_word' id='word_1_178' title='bbox 1299 2768 1374 2804; x_wconf 86' lang='lat' dir='ltr'>est.</span> 
     </span>
    </p>

    <p class='ocr_par' dir='ltr' id='par_1_10' title="bbox 234 2835 2576 3056">
     <span class='ocr_line' id='line_1_21' title="bbox 234 2835 2576 2899; baseline 0.006 -26"><span class='ocrx_word' id='word_1_179' title='bbox 234 2835 311 2891; x_wconf 88' lang='grc'>67)</span> <span class='ocrx_word' id='word_1_180' title='bbox 345 2837 589 2879; x_wconf 84' lang='lat' dir='ltr'>Erotian.</span> <span class='ocrx_word' id='word_1_181' title='bbox 631 2851 779 2891; x_wconf 84' lang='lat' dir='ltr'>expos.</span> <span class='ocrx_word' id='word_1_182' title='bbox 822 2851 912 2879; x_wconf 77' lang='lat' dir='ltr'>voc.</span> <span class='ocrx_word' id='word_1_183' title='bbox 953 2838 1152 2891; x_wconf 83' lang='lat' dir='ltr'>Hippocr.</span> <span class='ocrx_word' id='word_1_184' title='bbox 1196 2853 1236 2892; x_wconf 91' lang='lat' dir='ltr'>p.</span> <span class='ocrx_word' id='word_1_185' title='bbox 1268 2838 1369 2882; x_wconf 82' lang='lat'><strong>328.</strong></span> <span class='ocrx_word' id='word_1_186' title='bbox 1410 2841 1627 2897; x_wconf 78' lang='grc' dir='ltr'><strong><em>στλεγγίδα</em></strong></span> <span class='ocrx_word' id='word_1_187' title='bbox 1654 2838 1931 2898; x_wconf 59' lang='grc' dir='ltr'>ιΗρακλιείδης</span> <span class='ocrx_word' id='word_1_188' title='bbox 1967 2843 2045 2896; x_wconf 75' lang='grc' dir='ltr'>μὲν</span> <span class='ocrx_word' id='word_1_189' title='bbox 2084 2841 2105 2885; x_wconf 82' lang='grc' dir='ltr'>ὁ</span> <span class='ocrx_word' id='word_1_190' title='bbox 2152 2845 2406 2899; x_wconf 71' lang='grc' dir='ltr'><strong><em>Ταραντῖνος</em></strong></span> <span class='ocrx_word' id='word_1_191' title='bbox 2438 2848 2576 2899; x_wconf 78' lang='grc' dir='ltr'><strong><em>χρυσᾶ</em></strong></span> 
     </span>
     <span class='ocr_line' id='line_1_22' title="bbox 296 2913 2575 2976; baseline 0.004 -20"><span class='ocrx_word' id='word_1_192' title='bbox 296 2930 399 2969; x_wconf 70' lang='grc' dir='ltr'><em>φησι</em></span> <span class='ocrx_word' id='word_1_193' title='bbox 431 2917 610 2958; x_wconf 80' lang='grc' dir='ltr'><strong><em>ταινίδια</em></strong></span> <span class='ocrx_word' id='word_1_194' title='bbox 641 2914 766 2970; x_wconf 78' lang='grc' dir='ltr'><strong><em>εἶναι,</em></strong></span> <span class='ocrx_word' id='word_1_195' title='bbox 798 2913 860 2966; x_wconf 83' lang='grc' dir='ltr'>οἷς</span> <span class='ocrx_word' id='word_1_196' title='bbox 884 2917 1077 2972; x_wconf 82' lang='grc' dir='ltr'><strong><em>χρῶνταί</em></strong></span> <span class='ocrx_word' id='word_1_197' title='bbox 1100 2934 1205 2968; x_wconf 80' lang='grc' dir='ltr'><strong><em>τινες</em></strong></span> <span class='ocrx_word' id='word_1_198' title='bbox 1234 2922 1319 2961; x_wconf 81' lang='grc' dir='ltr'>τῶν</span> <span class='ocrx_word' id='word_1_199' title='bbox 1348 2921 1541 2976; x_wconf 77' lang='grc' dir='ltr'><strong><em>θεωρῶν.</em></strong></span> <span class='ocrx_word' id='word_1_200' title='bbox 1600 2920 1775 2963; x_wconf 88' lang='lat' dir='ltr'>Boeck</span> <span class='ocrx_word' id='word_1_201' title='bbox 1787 2922 1832 2964; x_wconf 87' lang='lat' dir='ltr'>h.</span> <span class='ocrx_word' id='word_1_202' title='bbox 1864 2921 1959 2966; x_wconf 89' lang='lat' dir='ltr'>Oec.</span> <span class='ocrx_word' id='word_1_203' title='bbox 1988 2921 2079 2964; x_wconf 79' lang='lat' dir='ltr'>civ.</span> <span class='ocrx_word' id='word_1_204' title='bbox 2108 2922 2204 2964; x_wconf 81' lang='lat' dir='ltr'>Ath.</span> <span class='ocrx_word' id='word_1_205' title='bbox 2233 2922 2285 2976; x_wconf 89' lang='lat'>11,</span> <span class='ocrx_word' id='word_1_206' title='bbox 2319 2938 2360 2976; x_wconf 88' lang='lat' dir='ltr'>p.</span> <span class='ocrx_word' id='word_1_207' title='bbox 2389 2922 2489 2966; x_wconf 81' lang='lat'><strong>331.</strong></span> <span class='ocrx_word' id='word_1_208' title='bbox 2518 2924 2575 2965; x_wconf 84' lang='lat' dir='ltr'>ld.</span> 
     </span>
     <span class='ocr_line' id='line_1_23' title="bbox 295 2993 2532 3056; baseline 0.005 -23"><span class='ocrx_word' id='word_1_209' title='bbox 295 2993 422 3046; x_wconf 78' lang='lat' dir='ltr'>corp.</span> <span class='ocrx_word' id='word_1_210' title='bbox 454 2995 586 3037; x_wconf 87' lang='lat' dir='ltr'>Inscr.</span> <span class='ocrx_word' id='word_1_211' title='bbox 618 2995 691 3037; x_wconf 88' lang='lat' dir='ltr'>Gr.</span> <span class='ocrx_word' id='word_1_212' title='bbox 722 2995 776 3037; x_wconf 89' lang='lat' dir='ltr'>T.</span> <span class='ocrx_word' id='word_1_213' title='bbox 808 2995 840 3049; x_wconf 90' lang='lat'>1,</span> <span class='ocrx_word' id='word_1_214' title='bbox 872 3010 913 3049; x_wconf 89' lang='lat' dir='ltr'>p.</span> <span class='ocrx_word' id='word_1_215' title='bbox 933 2995 1034 3039; x_wconf 85' lang='lat'><strong>260.</strong></span> <span class='ocrx_word' id='word_1_216' title='bbox 1095 2996 1354 3040; x_wconf 85' lang='lat' dir='ltr'>Gerhard.</span> <span class='ocrx_word' id='word_1_217' title='bbox 1384 2998 1521 3040; x_wconf 89' lang='lat' dir='ltr'>Indice</span> <span class='ocrx_word' id='word_1_218' title='bbox 1541 2998 1680 3044; x_wconf 80' lang='lat' dir='ltr'>veter.</span> <span class='ocrx_word' id='word_1_219' title='bbox 1706 2998 2009 3045; x_wconf 79' lang='lat' dir='ltr'>monumentor.</span> <span class='ocrx_word' id='word_1_220' title='bbox 2027 3001 2286 3046; x_wconf 85' lang='lat' dir='ltr'>Berolinens.</span> <span class='ocrx_word' id='word_1_221' title='bbox 2320 3002 2352 3055; x_wconf 82' lang='lat'>1,</span> <span class='ocrx_word' id='word_1_222' title='bbox 2382 3016 2421 3056; x_wconf 89' lang='lat' dir='ltr'>p.</span> <span class='ocrx_word' id='word_1_223' title='bbox 2434 3002 2532 3045; x_wconf 79' lang='lat'>374.</span> 
     </span>
    </p>
   </div>
   <div class='ocr_carea' id='block_1_10' title="bbox 227 3081 2574 3312">
    <p class='ocr_par' dir='ltr' id='par_1_11' title="bbox 227 3081 2574 3312">
     <span class='ocr_line' id='line_1_24' title="bbox 234 3081 2574 3141; baseline 0.004 -19"><span class='ocrx_word' id='word_1_224' title='bbox 234 3081 316 3135; x_wconf 87' lang='grc'>68)</span> <span class='ocrx_word' id='word_1_225' title='bbox 347 3082 533 3137; x_wconf 83' lang='lat' dir='ltr'>Colligas</span> <span class='ocrx_word' id='word_1_226' title='bbox 574 3084 613 3124; x_wconf 88' lang='lat' dir='ltr'>id</span> <span class='ocrx_word' id='word_1_227' title='bbox 642 3098 694 3124; x_wconf 85' lang='lat' dir='ltr'>ex</span> <span class='ocrx_word' id='word_1_228' title='bbox 724 3084 931 3137; x_wconf 82' lang='lat' dir='ltr'>donariis,</span> <span class='ocrx_word' id='word_1_229' title='bbox 984 3098 1087 3138; x_wconf 87' lang='lat' dir='ltr'>quae</span> <span class='ocrx_word' id='word_1_230' title='bbox 1127 3087 1179 3128; x_wconf 82' lang='lat' dir='ltr'>ab</span> <span class='ocrx_word' id='word_1_231' title='bbox 1220 3086 1364 3129; x_wconf 82' lang='lat' dir='ltr'>Callia</span> <span class='ocrx_word' id='word_1_232' title='bbox 1398 3086 1622 3141; x_wconf 87' lang='lat' dir='ltr'>Hipponici</span> <span class='ocrx_word' id='word_1_233' title='bbox 1658 3088 1705 3131; x_wconf 90' lang='lat' dir='ltr'>F.</span> <span class='ocrx_word' id='word_1_234' title='bbox 1736 3096 1777 3130; x_wconf 78' lang='lat' dir='ltr'>et</span> <span class='ocrx_word' id='word_1_235' title='bbox 1807 3090 1929 3132; x_wconf 80' lang='lat' dir='ltr'>Nicia</span> <span class='ocrx_word' id='word_1_236' title='bbox 1956 3090 2138 3133; x_wconf 84' lang='lat' dir='ltr'>Nicerati</span> <span class='ocrx_word' id='word_1_237' title='bbox 2166 3089 2215 3131; x_wconf 89' lang='lat' dir='ltr'>F.</span> <span class='ocrx_word' id='word_1_238' title='bbox 2255 3090 2574 3134; x_wconf 69' lang='lat' dir='ltr'>Atheniensibus</span> 
     </span>
     <span class='ocr_line' id='line_1_25' title="bbox 286 3161 2317 3223; baseline 0.004 -22"><span class='ocrx_word' id='word_1_239' title='bbox 286 3161 458 3202; x_wconf 85' lang='lat' dir='ltr'>Deliaco</span> <span class='ocrx_word' id='word_1_240' title='bbox 494 3162 644 3216; x_wconf 85' lang='lat' dir='ltr'>templo</span> <span class='ocrx_word' id='word_1_241' title='bbox 676 3163 852 3215; x_wconf 83' lang='lat' dir='ltr'>donata,</span> <span class='ocrx_word' id='word_1_242' title='bbox 884 3172 1252 3208; x_wconf 79' lang='lat' dir='ltr'>commemorantur</span> <span class='ocrx_word' id='word_1_243' title='bbox 1280 3165 1575 3219; x_wconf 81' lang='lat' dir='ltr'>inscriptione,</span> <span class='ocrx_word' id='word_1_244' title='bbox 1615 3179 1737 3220; x_wconf 85' lang='lat' dir='ltr'>quam</span> <span class='ocrx_word' id='word_1_245' title='bbox 1767 3175 1850 3211; x_wconf 86' lang='lat' dir='ltr'>not.</span> <span class='ocrx_word' id='word_1_246' title='bbox 1881 3169 1952 3218; x_wconf 86' lang='grc'>67,</span> <span class='ocrx_word' id='word_1_247' title='bbox 1983 3167 2317 3223; x_wconf 79' lang='lat' dir='ltr'>significavimus.</span> 
     </span>
     <span class='ocr_line' id='line_1_26' title="bbox 227 3239 2153 3312; baseline 0.006 -34"><span class='ocrx_word' id='word_1_248' title='bbox 227 3239 306 3292; x_wconf 88' lang='grc'>69)</span> <span class='ocrx_word' id='word_1_249' title='bbox 341 3240 433 3283; x_wconf 88' lang='lat' dir='ltr'>Liv.</span> <span class='ocrx_word' id='word_1_250' title='bbox 464 3240 670 3292; x_wconf 84' lang='lat' dir='ltr'>XXXXV‚</span> <span class='ocrx_word' id='word_1_251' title='bbox 703 3241 771 3283; x_wconf 85' lang='lat'>32.</span> <span class='ocrx_word' id='word_1_252' title='bbox 792 3239 1051 3299; x_wconf 75' lang='grc' dir='ltr'><strong><em>ἑστιατόριον</em></strong></span> <span class='ocrx_word' id='word_1_253' title='bbox 1073 3244 1270 3286; x_wconf 86' lang='lat' dir='ltr'>Eleorum</span> <span class='ocrx_word' id='word_1_254' title='bbox 1291 3251 1628 3312; x_wconf 79' lang='lat' dir='ltr'>commemoratur</span> <span class='ocrx_word' id='word_1_255' title='bbox 1659 3246 1885 3291; x_wconf 82' lang='lat' dir='ltr'>Pausan.</span> <span class='ocrx_word' id='word_1_256' title='bbox 1916 3246 1968 3300; x_wconf 85' lang='lat' dir='ltr'>V,</span> <span class='ocrx_word' id='word_1_257' title='bbox 1990 3247 2061 3302; x_wconf 85' lang='lat'>15,</span> <span class='ocrx_word' id='word_1_258' title='bbox 2085 3247 2153 3290; x_wconf 84' lang='lat'>12.</span> 
     </span>
    </p>
   </div>
  </div>
 </body>
</html>
